%YAML 1.1
%TAG !u! tag:unity3d.com,2011:
--- !u!1 &4345293787328231978
GameObject:
  m_ObjectHideFlags: 0
  m_CorrespondingSourceObject: {fileID: 0}
  m_PrefabInstance: {fileID: 0}
  m_PrefabAsset: {fileID: 0}
  serializedVersion: 6
  m_Component:
  - component: {fileID: 4840944708000099174}
  - component: {fileID: 2456099513315801443}
  - component: {fileID: 4541406103979953208}
  - component: {fileID: 6701505754725088657}
  m_Layer: 0
  m_Name: Weapon_BurstFifle
  m_TagString: Untagged
  m_Icon: {fileID: 0}
  m_NavMeshLayer: 0
  m_StaticEditorFlags: 0
  m_IsActive: 1
--- !u!4 &4840944708000099174
Transform:
  m_ObjectHideFlags: 0
  m_CorrespondingSourceObject: {fileID: 0}
  m_PrefabInstance: {fileID: 0}
  m_PrefabAsset: {fileID: 0}
  m_GameObject: {fileID: 4345293787328231978}
  m_LocalRotation: {x: 0, y: 0, z: 0, w: 1}
  m_LocalPosition: {x: 0, y: 0.1, z: 0.27}
  m_LocalScale: {x: 1, y: 1, z: 1}
  m_Children:
  - {fileID: 5524365949756785244}
  m_Father: {fileID: 0}
  m_RootOrder: 0
  m_LocalEulerAnglesHint: {x: 0, y: 0, z: 0}
--- !u!82 &2456099513315801443
AudioSource:
  m_ObjectHideFlags: 0
  m_CorrespondingSourceObject: {fileID: 0}
  m_PrefabInstance: {fileID: 0}
  m_PrefabAsset: {fileID: 0}
  m_GameObject: {fileID: 4345293787328231978}
  m_Enabled: 1
  serializedVersion: 4
  OutputAudioMixerGroup: {fileID: 0}
  m_audioClip: {fileID: 0}
  m_PlayOnAwake: 1
  m_Volume: 1
  m_Pitch: 1
  Loop: 0
  Mute: 0
  Spatialize: 0
  SpatializePostEffects: 0
  Priority: 128
  DopplerLevel: 1
  MinDistance: 1
  MaxDistance: 500
  Pan2D: 0
  rolloffMode: 0
  BypassEffects: 0
  BypassListenerEffects: 0
  BypassReverbZones: 0
  rolloffCustomCurve:
    serializedVersion: 2
    m_Curve:
    - serializedVersion: 3
      time: 0
      value: 1
      inSlope: 0
      outSlope: 0
      tangentMode: 0
      weightedMode: 0
      inWeight: 0.33333334
      outWeight: 0.33333334
    - serializedVersion: 3
      time: 1
      value: 0
      inSlope: 0
      outSlope: 0
      tangentMode: 0
      weightedMode: 0
      inWeight: 0.33333334
      outWeight: 0.33333334
    m_PreInfinity: 2
    m_PostInfinity: 2
    m_RotationOrder: 4
  panLevelCustomCurve:
    serializedVersion: 2
    m_Curve:
    - serializedVersion: 3
      time: 0
      value: 0
      inSlope: 0
      outSlope: 0
      tangentMode: 0
      weightedMode: 0
      inWeight: 0.33333334
      outWeight: 0.33333334
    m_PreInfinity: 2
    m_PostInfinity: 2
    m_RotationOrder: 4
  spreadCustomCurve:
    serializedVersion: 2
    m_Curve:
    - serializedVersion: 3
      time: 0
      value: 0
      inSlope: 0
      outSlope: 0
      tangentMode: 0
      weightedMode: 0
      inWeight: 0.33333334
      outWeight: 0.33333334
    m_PreInfinity: 2
    m_PostInfinity: 2
    m_RotationOrder: 4
  reverbZoneMixCustomCurve:
    serializedVersion: 2
    m_Curve:
    - serializedVersion: 3
      time: 0
      value: 1
      inSlope: 0
      outSlope: 0
      tangentMode: 0
      weightedMode: 0
      inWeight: 0.33333334
      outWeight: 0.33333334
    m_PreInfinity: 2
    m_PostInfinity: 2
    m_RotationOrder: 4
--- !u!114 &4541406103979953208
MonoBehaviour:
  m_ObjectHideFlags: 0
  m_CorrespondingSourceObject: {fileID: 0}
  m_PrefabInstance: {fileID: 0}
  m_PrefabAsset: {fileID: 0}
  m_GameObject: {fileID: 4345293787328231978}
  m_Enabled: 1
  m_EditorHideFlags: 0
  m_Script: {fileID: 11500000, guid: 3ad90ba0b1477764da373f5ec01a8cb5, type: 3}
  m_Name: 
  m_EditorClassIdentifier: 
  weaponName: Burst Rifle
  weaponIcon: {fileID: 21300000, guid: cab1398a10b307b44b0ffeb0eef23254, type: 3}
  enemyWeapon: 0
  crosshairDataDefault:
    crosshairSprite: {fileID: 21300000, guid: e881aa18189b12f4e915fc5b14ddc421, type: 3}
    crosshairSize: 50
    crosshairColor: {r: 1, g: 1, b: 1, a: 1}
  crosshairDataTargetInSight:
    crosshairSprite: {fileID: 21300000, guid: e881aa18189b12f4e915fc5b14ddc421, type: 3}
    crosshairSize: 60
    crosshairColor: {r: 1, g: 0, b: 0, a: 1}
  weaponRoot: {fileID: 5524365949756759676}
  weaponMuzzle: {fileID: 6334339115849104011}
  shootType: 1
  projectilePrefab: {fileID: 528546716365072993, guid: 3c6b27d949cdda749892906e1f1d1b27,
    type: 3}
  delayBetweenShots: 0.05
  bulletSpreadAngle: 0.5
  bulletsPerShot: 1
  recoilForce: 1
  aimZoomRatio: 0.25
  aimOffset: {x: 0, y: 0.13, z: 0}
  currentAmmo: 0
  ammoReloadRate: 5
  ammoReloadDelay: 0.7
  maxAmmo: 5
  automaticReleaseOnCharged: 0
  maxChargeDuration: 2
  ammoUsedOnStartCharge: 1
  ammoUsageRateWhileCharging: 1
  weaponAnimator: {fileID: 6701505754725088657}
  muzzleFlashPrefab: {fileID: 748781637555137343, guid: 9f671b22f25370048a18fb1f821294ec,
    type: 3}
  unparentMuzzleFlash: 0
  shootSFX: {fileID: 8300000, guid: 53d2238f4c4b2aa4f8e559c7af9e0126, type: 3}
  changeWeaponSFX: {fileID: 8300000, guid: 6f3e0904bbbace745bdef08cdbcdfec0, type: 3}
  useContinuousShootSound: 0
  continuousShootStartSFX: {fileID: 0}
  continuousShootLoopSFX: {fileID: 0}
  continuousShootEndSFX: {fileID: 0}
  isMeleeWeapon: 0
  meleeDamage: 50
  nextAttackTime: 3
  enemyAttackedParticles: {fileID: 0}
  anythingAttackedParticles: {fileID: 0}
--- !u!95 &6701505754725088657
Animator:
  serializedVersion: 3
  m_ObjectHideFlags: 0
  m_CorrespondingSourceObject: {fileID: 0}
  m_PrefabInstance: {fileID: 0}
  m_PrefabAsset: {fileID: 0}
  m_GameObject: {fileID: 4345293787328231978}
  m_Enabled: 1
  m_Avatar: {fileID: 0}
  m_Controller: {fileID: 9100000, guid: 5ad4c196db5ee4846b8dbc339e305d76, type: 2}
  m_CullingMode: 0
  m_UpdateMode: 0
  m_ApplyRootMotion: 0
  m_LinearVelocityBlending: 0
  m_WarningMessage: 
  m_HasTransformHierarchy: 1
  m_AllowConstantClipSamplingOptimization: 1
  m_KeepAnimatorControllerStateOnDisable: 0
--- !u!1 &5291771071377688792
GameObject:
  m_ObjectHideFlags: 0
  m_CorrespondingSourceObject: {fileID: 0}
  m_PrefabInstance: {fileID: 0}
  m_PrefabAsset: {fileID: 0}
  serializedVersion: 6
  m_Component:
  - component: {fileID: 6334339115849104011}
  m_Layer: 0
  m_Name: Muzzle
  m_TagString: Untagged
  m_Icon: {fileID: 0}
  m_NavMeshLayer: 0
  m_StaticEditorFlags: 0
  m_IsActive: 1
--- !u!4 &6334339115849104011
Transform:
  m_ObjectHideFlags: 0
  m_CorrespondingSourceObject: {fileID: 0}
  m_PrefabInstance: {fileID: 0}
  m_PrefabAsset: {fileID: 0}
  m_GameObject: {fileID: 5291771071377688792}
  m_LocalRotation: {x: 0, y: 0, z: 0, w: 1}
  m_LocalPosition: {x: 0, y: 0, z: 0.254}
  m_LocalScale: {x: 1, y: 1, z: 1}
  m_Children: []
  m_Father: {fileID: 5524365949756785244}
  m_RootOrder: 0
  m_LocalEulerAnglesHint: {x: 0, y: 0, z: 0}
--- !u!1001 &5524365949756659932
PrefabInstance:
  m_ObjectHideFlags: 0
  serializedVersion: 2
  m_Modification:
    m_TransformParent: {fileID: 4840944708000099174}
    m_Modifications:
    - target: {fileID: 100000, guid: b4d38a4c16d22ed45a2737e98d24e63a, type: 3}
      propertyPath: m_Name
      value: Mesh_Weapon_1
      objectReference: {fileID: 0}
    - target: {fileID: 400000, guid: b4d38a4c16d22ed45a2737e98d24e63a, type: 3}
      propertyPath: m_LocalPosition.x
      value: -0
      objectReference: {fileID: 0}
    - target: {fileID: 400000, guid: b4d38a4c16d22ed45a2737e98d24e63a, type: 3}
      propertyPath: m_LocalPosition.y
      value: 0
      objectReference: {fileID: 0}
    - target: {fileID: 400000, guid: b4d38a4c16d22ed45a2737e98d24e63a, type: 3}
      propertyPath: m_LocalPosition.z
      value: 0
      objectReference: {fileID: 0}
    - target: {fileID: 400000, guid: b4d38a4c16d22ed45a2737e98d24e63a, type: 3}
      propertyPath: m_LocalRotation.x
      value: 0.000000021855694
      objectReference: {fileID: 0}
    - target: {fileID: 400000, guid: b4d38a4c16d22ed45a2737e98d24e63a, type: 3}
      propertyPath: m_LocalRotation.y
      value: 0
      objectReference: {fileID: 0}
    - target: {fileID: 400000, guid: b4d38a4c16d22ed45a2737e98d24e63a, type: 3}
      propertyPath: m_LocalRotation.z
      value: -0
      objectReference: {fileID: 0}
    - target: {fileID: 400000, guid: b4d38a4c16d22ed45a2737e98d24e63a, type: 3}
      propertyPath: m_LocalRotation.w
      value: 1
      objectReference: {fileID: 0}
    - target: {fileID: 400000, guid: b4d38a4c16d22ed45a2737e98d24e63a, type: 3}
      propertyPath: m_RootOrder
      value: 0
      objectReference: {fileID: 0}
    - target: {fileID: 400000, guid: b4d38a4c16d22ed45a2737e98d24e63a, type: 3}
      propertyPath: m_LocalEulerAnglesHint.x
      value: 0
      objectReference: {fileID: 0}
    - target: {fileID: 400000, guid: b4d38a4c16d22ed45a2737e98d24e63a, type: 3}
      propertyPath: m_LocalEulerAnglesHint.y
      value: 0
      objectReference: {fileID: 0}
    - target: {fileID: 400000, guid: b4d38a4c16d22ed45a2737e98d24e63a, type: 3}
      propertyPath: m_LocalEulerAnglesHint.z
      value: 0
      objectReference: {fileID: 0}
    m_RemovedComponents: []
  m_SourcePrefab: {fileID: 100100000, guid: b4d38a4c16d22ed45a2737e98d24e63a, type: 3}
--- !u!1 &5524365949756759676 stripped
GameObject:
  m_CorrespondingSourceObject: {fileID: 100000, guid: b4d38a4c16d22ed45a2737e98d24e63a,
    type: 3}
  m_PrefabInstance: {fileID: 5524365949756659932}
  m_PrefabAsset: {fileID: 0}
--- !u!4 &5524365949756785244 stripped
Transform:
  m_CorrespondingSourceObject: {fileID: 400000, guid: b4d38a4c16d22ed45a2737e98d24e63a,
    type: 3}
  m_PrefabInstance: {fileID: 5524365949756659932}
  m_PrefabAsset: {fileID: 0}
