%YAML 1.1
%TAG !u! tag:unity3d.com,2011:
--- !u!1 &8274458844123955527
GameObject:
  m_ObjectHideFlags: 0
  m_CorrespondingSourceObject: {fileID: 0}
  m_PrefabInstance: {fileID: 0}
  m_PrefabAsset: {fileID: 0}
  serializedVersion: 6
  m_Component:
  - component: {fileID: 8274458844123955526}
  - component: {fileID: 8274458844123955520}
  m_Layer: 5
  m_Name: Inventory
  m_TagString: Untagged
  m_Icon: {fileID: 0}
  m_NavMeshLayer: 0
  m_StaticEditorFlags: 0
  m_IsActive: 1
--- !u!224 &8274458844123955526
RectTransform:
  m_ObjectHideFlags: 0
  m_CorrespondingSourceObject: {fileID: 0}
  m_PrefabInstance: {fileID: 0}
  m_PrefabAsset: {fileID: 0}
  m_GameObject: {fileID: 8274458844123955527}
  m_LocalRotation: {x: 0, y: 0, z: 0, w: 1}
  m_LocalPosition: {x: 0, y: 0, z: 0}
  m_LocalScale: {x: 1, y: 1, z: 1}
  m_Children:
  - {fileID: 8274458845982487888}
  m_Father: {fileID: 8274458845674865448}
  m_RootOrder: 0
  m_LocalEulerAnglesHint: {x: 0, y: 0, z: 0}
  m_AnchorMin: {x: 0.5, y: 0.5}
  m_AnchorMax: {x: 0.5, y: 0.5}
  m_AnchoredPosition: {x: 0, y: 0}
  m_SizeDelta: {x: 300, y: 300}
  m_Pivot: {x: 0.5, y: 0.5}
--- !u!222 &8274458844123955520
CanvasRenderer:
  m_ObjectHideFlags: 0
  m_CorrespondingSourceObject: {fileID: 0}
  m_PrefabInstance: {fileID: 0}
  m_PrefabAsset: {fileID: 0}
  m_GameObject: {fileID: 8274458844123955527}
  m_CullTransparentMesh: 0
--- !u!1 &8274458845674865449
GameObject:
  m_ObjectHideFlags: 0
  m_CorrespondingSourceObject: {fileID: 0}
  m_PrefabInstance: {fileID: 0}
  m_PrefabAsset: {fileID: 0}
  serializedVersion: 6
  m_Component:
  - component: {fileID: 8274458845674865448}
  - component: {fileID: 8274458845674865461}
  - component: {fileID: 8274458845674865450}
  - component: {fileID: 8274458845674865451}
  - component: {fileID: 8274458845674865460}
  - component: {fileID: 369261688}
  m_Layer: 5
  m_Name: InventoryCanvas
  m_TagString: Untagged
  m_Icon: {fileID: 0}
  m_NavMeshLayer: 0
  m_StaticEditorFlags: 0
  m_IsActive: 1
--- !u!224 &8274458845674865448
RectTransform:
  m_ObjectHideFlags: 0
  m_CorrespondingSourceObject: {fileID: 0}
  m_PrefabInstance: {fileID: 0}
  m_PrefabAsset: {fileID: 0}
  m_GameObject: {fileID: 8274458845674865449}
  m_LocalRotation: {x: 0, y: 0, z: 0, w: 1}
  m_LocalPosition: {x: 0, y: 0, z: 0}
  m_LocalScale: {x: 0, y: 0, z: 0}
  m_Children:
  - {fileID: 8274458844123955526}
  m_Father: {fileID: 0}
  m_RootOrder: 0
  m_LocalEulerAnglesHint: {x: 0, y: 0, z: 0}
  m_AnchorMin: {x: 0, y: 0}
  m_AnchorMax: {x: 0, y: 0}
  m_AnchoredPosition: {x: 0, y: 0}
  m_SizeDelta: {x: 0, y: 0}
  m_Pivot: {x: 0, y: 0}
--- !u!223 &8274458845674865461
Canvas:
  m_ObjectHideFlags: 0
  m_CorrespondingSourceObject: {fileID: 0}
  m_PrefabInstance: {fileID: 0}
  m_PrefabAsset: {fileID: 0}
  m_GameObject: {fileID: 8274458845674865449}
  m_Enabled: 1
  serializedVersion: 3
  m_RenderMode: 0
  m_Camera: {fileID: 0}
  m_PlaneDistance: 100
  m_PixelPerfect: 0
  m_ReceivesEvents: 1
  m_OverrideSorting: 0
  m_OverridePixelPerfect: 0
  m_SortingBucketNormalizedSize: 0
  m_AdditionalShaderChannelsFlag: 0
  m_SortingLayerID: 0
  m_SortingOrder: 0
  m_TargetDisplay: 0
--- !u!114 &8274458845674865450
MonoBehaviour:
  m_ObjectHideFlags: 0
  m_CorrespondingSourceObject: {fileID: 0}
  m_PrefabInstance: {fileID: 0}
  m_PrefabAsset: {fileID: 0}
  m_GameObject: {fileID: 8274458845674865449}
  m_Enabled: 1
  m_EditorHideFlags: 0
  m_Script: {fileID: 11500000, guid: 0cd44c1031e13a943bb63640046fad76, type: 3}
  m_Name: 
  m_EditorClassIdentifier: 
  m_UiScaleMode: 1
  m_ReferencePixelsPerUnit: 100
  m_ScaleFactor: 1
  m_ReferenceResolution: {x: 800, y: 600}
  m_ScreenMatchMode: 0
  m_MatchWidthOrHeight: 0
  m_PhysicalUnit: 3
  m_FallbackScreenDPI: 96
  m_DefaultSpriteDPI: 96
  m_DynamicPixelsPerUnit: 1
--- !u!114 &8274458845674865451
MonoBehaviour:
  m_ObjectHideFlags: 0
  m_CorrespondingSourceObject: {fileID: 0}
  m_PrefabInstance: {fileID: 0}
  m_PrefabAsset: {fileID: 0}
  m_GameObject: {fileID: 8274458845674865449}
  m_Enabled: 1
  m_EditorHideFlags: 0
  m_Script: {fileID: 11500000, guid: dc42784cf147c0c48a680349fa168899, type: 3}
  m_Name: 
  m_EditorClassIdentifier: 
  m_IgnoreReversedGraphics: 1
  m_BlockingObjects: 0
  m_BlockingMask:
    serializedVersion: 2
    m_Bits: 4294967295
--- !u!114 &8274458845674865460
MonoBehaviour:
  m_ObjectHideFlags: 0
  m_CorrespondingSourceObject: {fileID: 0}
  m_PrefabInstance: {fileID: 0}
  m_PrefabAsset: {fileID: 0}
  m_GameObject: {fileID: 8274458845674865449}
  m_Enabled: 1
  m_EditorHideFlags: 0
  m_Script: {fileID: 11500000, guid: 429ee86b179632647a6d0726b339435b, type: 3}
  m_Name: 
  m_EditorClassIdentifier: 
  inventoryUI: {fileID: 8274458845982487889}
  itemsParent: {fileID: 8274458845982487888}
  volumeWhenMenuOpen: 0.5
--- !u!114 &369261688
MonoBehaviour:
  m_ObjectHideFlags: 0
  m_CorrespondingSourceObject: {fileID: 0}
  m_PrefabInstance: {fileID: 0}
  m_PrefabAsset: {fileID: 0}
  m_GameObject: {fileID: 8274458845674865449}
  m_Enabled: 1
  m_EditorHideFlags: 0
  m_Script: {fileID: 11500000, guid: d26584f0873a488488a95438b6d3821f, type: 3}
  m_Name: 
  m_EditorClassIdentifier: 
--- !u!1 &8274458845982487889
GameObject:
  m_ObjectHideFlags: 0
  m_CorrespondingSourceObject: {fileID: 0}
  m_PrefabInstance: {fileID: 0}
  m_PrefabAsset: {fileID: 0}
  serializedVersion: 6
  m_Component:
  - component: {fileID: 8274458845982487888}
  - component: {fileID: 8274458845982487890}
  - component: {fileID: 8274458845982487891}
  - component: {fileID: 8274458845982487901}
  m_Layer: 5
  m_Name: parent
  m_TagString: Untagged
  m_Icon: {fileID: 0}
  m_NavMeshLayer: 0
  m_StaticEditorFlags: 0
  m_IsActive: 0
--- !u!224 &8274458845982487888
RectTransform:
  m_ObjectHideFlags: 0
  m_CorrespondingSourceObject: {fileID: 0}
  m_PrefabInstance: {fileID: 0}
  m_PrefabAsset: {fileID: 0}
  m_GameObject: {fileID: 8274458845982487889}
  m_LocalRotation: {x: 0, y: 0, z: 0, w: 1}
  m_LocalPosition: {x: 0, y: 0, z: 0}
  m_LocalScale: {x: 1, y: 1, z: 1}
  m_Children:
  - {fileID: 5005293180907886192}
  - {fileID: 7519028957264675361}
  - {fileID: 7519028957815861184}
  - {fileID: 7519028957231011527}
  - {fileID: 7519028957315004322}
  - {fileID: 7519028957345471636}
  - {fileID: 7519028956572165867}
  - {fileID: 7519028957837974066}
  - {fileID: 7519028957517115011}
  - {fileID: 7519028957661786709}
  - {fileID: 7519028957644172061}
  - {fileID: 7519028957072552371}
  - {fileID: 7519028956647372964}
  - {fileID: 7519028957818154119}
  - {fileID: 7519028958182601520}
  - {fileID: 7519028957636122377}
  m_Father: {fileID: 8274458844123955526}
  m_RootOrder: 0
  m_LocalEulerAnglesHint: {x: 0, y: 0, z: 0}
  m_AnchorMin: {x: 0, y: 0}
  m_AnchorMax: {x: 1, y: 1}
  m_AnchoredPosition: {x: 0, y: 0}
  m_SizeDelta: {x: 0, y: 0}
  m_Pivot: {x: 0.5, y: 0.5}
--- !u!222 &8274458845982487890
CanvasRenderer:
  m_ObjectHideFlags: 0
  m_CorrespondingSourceObject: {fileID: 0}
  m_PrefabInstance: {fileID: 0}
  m_PrefabAsset: {fileID: 0}
  m_GameObject: {fileID: 8274458845982487889}
  m_CullTransparentMesh: 0
--- !u!114 &8274458845982487891
MonoBehaviour:
  m_ObjectHideFlags: 0
  m_CorrespondingSourceObject: {fileID: 0}
  m_PrefabInstance: {fileID: 0}
  m_PrefabAsset: {fileID: 0}
  m_GameObject: {fileID: 8274458845982487889}
  m_Enabled: 1
  m_EditorHideFlags: 0
  m_Script: {fileID: 11500000, guid: fe87c0e1cc204ed48ad3b37840f39efc, type: 3}
  m_Name: 
  m_EditorClassIdentifier: 
  m_Material: {fileID: 0}
  m_Color: {r: 1, g: 1, b: 1, a: 1}
  m_RaycastTarget: 1
  m_RaycastPadding: {x: 0, y: 0, z: 0, w: 0}
  m_Maskable: 1
  m_OnCullStateChanged:
    m_PersistentCalls:
      m_Calls: []
  m_Sprite: {fileID: 10907, guid: 0000000000000000f000000000000000, type: 0}
  m_Type: 1
  m_PreserveAspect: 0
  m_FillCenter: 1
  m_FillMethod: 4
  m_FillAmount: 1
  m_FillClockwise: 1
  m_FillOrigin: 0
  m_UseSpriteMesh: 0
  m_PixelsPerUnitMultiplier: 1
--- !u!114 &8274458845982487901
MonoBehaviour:
  m_ObjectHideFlags: 0
  m_CorrespondingSourceObject: {fileID: 0}
  m_PrefabInstance: {fileID: 0}
  m_PrefabAsset: {fileID: 0}
  m_GameObject: {fileID: 8274458845982487889}
  m_Enabled: 1
  m_EditorHideFlags: 0
  m_Script: {fileID: 11500000, guid: 8a8695521f0d02e499659fee002a26c2, type: 3}
  m_Name: 
  m_EditorClassIdentifier: 
  m_Padding:
    m_Left: 15
    m_Right: 15
    m_Top: 15
    m_Bottom: 15
  m_ChildAlignment: 0
  m_StartCorner: 0
  m_StartAxis: 0
  m_CellSize: {x: 60, y: 60}
  m_Spacing: {x: 10, y: 10}
  m_Constraint: 0
  m_ConstraintCount: 4
--- !u!1001 &5005293178896906153
PrefabInstance:
  m_ObjectHideFlags: 0
  serializedVersion: 2
  m_Modification:
    m_TransformParent: {fileID: 8274458845982487888}
    m_Modifications:
    - target: {fileID: 3255728006808415642, guid: f26b678b4180ea44da38f02f67334b7a,
        type: 3}
      propertyPath: m_Name
      value: InventorySlot (7)
      objectReference: {fileID: 0}
    - target: {fileID: 3255728006808415643, guid: f26b678b4180ea44da38f02f67334b7a,
        type: 3}
      propertyPath: m_LocalPosition.x
      value: 0
      objectReference: {fileID: 0}
    - target: {fileID: 3255728006808415643, guid: f26b678b4180ea44da38f02f67334b7a,
        type: 3}
      propertyPath: m_LocalPosition.y
      value: 0
      objectReference: {fileID: 0}
    - target: {fileID: 3255728006808415643, guid: f26b678b4180ea44da38f02f67334b7a,
        type: 3}
      propertyPath: m_LocalPosition.z
      value: 0
      objectReference: {fileID: 0}
    - target: {fileID: 3255728006808415643, guid: f26b678b4180ea44da38f02f67334b7a,
        type: 3}
      propertyPath: m_LocalRotation.x
      value: 0
      objectReference: {fileID: 0}
    - target: {fileID: 3255728006808415643, guid: f26b678b4180ea44da38f02f67334b7a,
        type: 3}
      propertyPath: m_LocalRotation.y
      value: 0
      objectReference: {fileID: 0}
    - target: {fileID: 3255728006808415643, guid: f26b678b4180ea44da38f02f67334b7a,
        type: 3}
      propertyPath: m_LocalRotation.z
      value: 0
      objectReference: {fileID: 0}
    - target: {fileID: 3255728006808415643, guid: f26b678b4180ea44da38f02f67334b7a,
        type: 3}
      propertyPath: m_LocalRotation.w
      value: 1
      objectReference: {fileID: 0}
    - target: {fileID: 3255728006808415643, guid: f26b678b4180ea44da38f02f67334b7a,
        type: 3}
      propertyPath: m_RootOrder
      value: 7
      objectReference: {fileID: 0}
    - target: {fileID: 3255728006808415643, guid: f26b678b4180ea44da38f02f67334b7a,
        type: 3}
      propertyPath: m_LocalEulerAnglesHint.x
      value: 0
      objectReference: {fileID: 0}
    - target: {fileID: 3255728006808415643, guid: f26b678b4180ea44da38f02f67334b7a,
        type: 3}
      propertyPath: m_LocalEulerAnglesHint.y
      value: 0
      objectReference: {fileID: 0}
    - target: {fileID: 3255728006808415643, guid: f26b678b4180ea44da38f02f67334b7a,
        type: 3}
      propertyPath: m_LocalEulerAnglesHint.z
      value: 0
      objectReference: {fileID: 0}
    - target: {fileID: 3255728006808415643, guid: f26b678b4180ea44da38f02f67334b7a,
        type: 3}
      propertyPath: m_AnchoredPosition.x
      value: 255
      objectReference: {fileID: 0}
    - target: {fileID: 3255728006808415643, guid: f26b678b4180ea44da38f02f67334b7a,
        type: 3}
      propertyPath: m_AnchoredPosition.y
      value: -115
      objectReference: {fileID: 0}
    - target: {fileID: 3255728006808415643, guid: f26b678b4180ea44da38f02f67334b7a,
        type: 3}
      propertyPath: m_SizeDelta.x
      value: 60
      objectReference: {fileID: 0}
    - target: {fileID: 3255728006808415643, guid: f26b678b4180ea44da38f02f67334b7a,
        type: 3}
      propertyPath: m_SizeDelta.y
      value: 60
      objectReference: {fileID: 0}
    - target: {fileID: 3255728006808415643, guid: f26b678b4180ea44da38f02f67334b7a,
        type: 3}
      propertyPath: m_AnchorMin.x
      value: 0
      objectReference: {fileID: 0}
    - target: {fileID: 3255728006808415643, guid: f26b678b4180ea44da38f02f67334b7a,
        type: 3}
      propertyPath: m_AnchorMin.y
      value: 1
      objectReference: {fileID: 0}
    - target: {fileID: 3255728006808415643, guid: f26b678b4180ea44da38f02f67334b7a,
        type: 3}
      propertyPath: m_AnchorMax.x
      value: 0
      objectReference: {fileID: 0}
    - target: {fileID: 3255728006808415643, guid: f26b678b4180ea44da38f02f67334b7a,
        type: 3}
      propertyPath: m_AnchorMax.y
      value: 1
      objectReference: {fileID: 0}
    - target: {fileID: 3255728006808415643, guid: f26b678b4180ea44da38f02f67334b7a,
        type: 3}
      propertyPath: m_Pivot.x
      value: 0.5
      objectReference: {fileID: 0}
    - target: {fileID: 3255728006808415643, guid: f26b678b4180ea44da38f02f67334b7a,
        type: 3}
      propertyPath: m_Pivot.y
      value: 0.5
      objectReference: {fileID: 0}
    m_RemovedComponents: []
  m_SourcePrefab: {fileID: 100100000, guid: f26b678b4180ea44da38f02f67334b7a, type: 3}
--- !u!224 &7519028957837974066 stripped
RectTransform:
  m_CorrespondingSourceObject: {fileID: 3255728006808415643, guid: f26b678b4180ea44da38f02f67334b7a,
    type: 3}
  m_PrefabInstance: {fileID: 5005293178896906153}
  m_PrefabAsset: {fileID: 0}
--- !u!1001 &5005293178906362459
PrefabInstance:
  m_ObjectHideFlags: 0
  serializedVersion: 2
  m_Modification:
    m_TransformParent: {fileID: 8274458845982487888}
    m_Modifications:
    - target: {fileID: 3255728006808415642, guid: f26b678b4180ea44da38f02f67334b7a,
        type: 3}
      propertyPath: m_Name
      value: InventorySlot (2)
      objectReference: {fileID: 0}
    - target: {fileID: 3255728006808415643, guid: f26b678b4180ea44da38f02f67334b7a,
        type: 3}
      propertyPath: m_LocalPosition.x
      value: 0
      objectReference: {fileID: 0}
    - target: {fileID: 3255728006808415643, guid: f26b678b4180ea44da38f02f67334b7a,
        type: 3}
      propertyPath: m_LocalPosition.y
      value: 0
      objectReference: {fileID: 0}
    - target: {fileID: 3255728006808415643, guid: f26b678b4180ea44da38f02f67334b7a,
        type: 3}
      propertyPath: m_LocalPosition.z
      value: 0
      objectReference: {fileID: 0}
    - target: {fileID: 3255728006808415643, guid: f26b678b4180ea44da38f02f67334b7a,
        type: 3}
      propertyPath: m_LocalRotation.x
      value: 0
      objectReference: {fileID: 0}
    - target: {fileID: 3255728006808415643, guid: f26b678b4180ea44da38f02f67334b7a,
        type: 3}
      propertyPath: m_LocalRotation.y
      value: 0
      objectReference: {fileID: 0}
    - target: {fileID: 3255728006808415643, guid: f26b678b4180ea44da38f02f67334b7a,
        type: 3}
      propertyPath: m_LocalRotation.z
      value: 0
      objectReference: {fileID: 0}
    - target: {fileID: 3255728006808415643, guid: f26b678b4180ea44da38f02f67334b7a,
        type: 3}
      propertyPath: m_LocalRotation.w
      value: 1
      objectReference: {fileID: 0}
    - target: {fileID: 3255728006808415643, guid: f26b678b4180ea44da38f02f67334b7a,
        type: 3}
      propertyPath: m_RootOrder
      value: 2
      objectReference: {fileID: 0}
    - target: {fileID: 3255728006808415643, guid: f26b678b4180ea44da38f02f67334b7a,
        type: 3}
      propertyPath: m_LocalEulerAnglesHint.x
      value: 0
      objectReference: {fileID: 0}
    - target: {fileID: 3255728006808415643, guid: f26b678b4180ea44da38f02f67334b7a,
        type: 3}
      propertyPath: m_LocalEulerAnglesHint.y
      value: 0
      objectReference: {fileID: 0}
    - target: {fileID: 3255728006808415643, guid: f26b678b4180ea44da38f02f67334b7a,
        type: 3}
      propertyPath: m_LocalEulerAnglesHint.z
      value: 0
      objectReference: {fileID: 0}
    - target: {fileID: 3255728006808415643, guid: f26b678b4180ea44da38f02f67334b7a,
        type: 3}
      propertyPath: m_AnchoredPosition.x
      value: 185
      objectReference: {fileID: 0}
    - target: {fileID: 3255728006808415643, guid: f26b678b4180ea44da38f02f67334b7a,
        type: 3}
      propertyPath: m_AnchoredPosition.y
      value: -45
      objectReference: {fileID: 0}
    - target: {fileID: 3255728006808415643, guid: f26b678b4180ea44da38f02f67334b7a,
        type: 3}
      propertyPath: m_SizeDelta.x
      value: 60
      objectReference: {fileID: 0}
    - target: {fileID: 3255728006808415643, guid: f26b678b4180ea44da38f02f67334b7a,
        type: 3}
      propertyPath: m_SizeDelta.y
      value: 60
      objectReference: {fileID: 0}
    - target: {fileID: 3255728006808415643, guid: f26b678b4180ea44da38f02f67334b7a,
        type: 3}
      propertyPath: m_AnchorMin.x
      value: 0
      objectReference: {fileID: 0}
    - target: {fileID: 3255728006808415643, guid: f26b678b4180ea44da38f02f67334b7a,
        type: 3}
      propertyPath: m_AnchorMin.y
      value: 1
      objectReference: {fileID: 0}
    - target: {fileID: 3255728006808415643, guid: f26b678b4180ea44da38f02f67334b7a,
        type: 3}
      propertyPath: m_AnchorMax.x
      value: 0
      objectReference: {fileID: 0}
    - target: {fileID: 3255728006808415643, guid: f26b678b4180ea44da38f02f67334b7a,
        type: 3}
      propertyPath: m_AnchorMax.y
      value: 1
      objectReference: {fileID: 0}
    - target: {fileID: 3255728006808415643, guid: f26b678b4180ea44da38f02f67334b7a,
        type: 3}
      propertyPath: m_Pivot.x
      value: 0.5
      objectReference: {fileID: 0}
    - target: {fileID: 3255728006808415643, guid: f26b678b4180ea44da38f02f67334b7a,
        type: 3}
      propertyPath: m_Pivot.y
      value: 0.5
      objectReference: {fileID: 0}
    m_RemovedComponents: []
  m_SourcePrefab: {fileID: 100100000, guid: f26b678b4180ea44da38f02f67334b7a, type: 3}
--- !u!224 &7519028957815861184 stripped
RectTransform:
  m_CorrespondingSourceObject: {fileID: 3255728006808415643, guid: f26b678b4180ea44da38f02f67334b7a,
    type: 3}
  m_PrefabInstance: {fileID: 5005293178906362459}
  m_PrefabAsset: {fileID: 0}
--- !u!1001 &5005293178911932700
PrefabInstance:
  m_ObjectHideFlags: 0
  serializedVersion: 2
  m_Modification:
    m_TransformParent: {fileID: 8274458845982487888}
    m_Modifications:
    - target: {fileID: 3255728006808415642, guid: f26b678b4180ea44da38f02f67334b7a,
        type: 3}
      propertyPath: m_Name
      value: InventorySlot (13)
      objectReference: {fileID: 0}
    - target: {fileID: 3255728006808415643, guid: f26b678b4180ea44da38f02f67334b7a,
        type: 3}
      propertyPath: m_LocalPosition.x
      value: 0
      objectReference: {fileID: 0}
    - target: {fileID: 3255728006808415643, guid: f26b678b4180ea44da38f02f67334b7a,
        type: 3}
      propertyPath: m_LocalPosition.y
      value: 0
      objectReference: {fileID: 0}
    - target: {fileID: 3255728006808415643, guid: f26b678b4180ea44da38f02f67334b7a,
        type: 3}
      propertyPath: m_LocalPosition.z
      value: 0
      objectReference: {fileID: 0}
    - target: {fileID: 3255728006808415643, guid: f26b678b4180ea44da38f02f67334b7a,
        type: 3}
      propertyPath: m_LocalRotation.x
      value: 0
      objectReference: {fileID: 0}
    - target: {fileID: 3255728006808415643, guid: f26b678b4180ea44da38f02f67334b7a,
        type: 3}
      propertyPath: m_LocalRotation.y
      value: 0
      objectReference: {fileID: 0}
    - target: {fileID: 3255728006808415643, guid: f26b678b4180ea44da38f02f67334b7a,
        type: 3}
      propertyPath: m_LocalRotation.z
      value: 0
      objectReference: {fileID: 0}
    - target: {fileID: 3255728006808415643, guid: f26b678b4180ea44da38f02f67334b7a,
        type: 3}
      propertyPath: m_LocalRotation.w
      value: 1
      objectReference: {fileID: 0}
    - target: {fileID: 3255728006808415643, guid: f26b678b4180ea44da38f02f67334b7a,
        type: 3}
      propertyPath: m_RootOrder
      value: 13
      objectReference: {fileID: 0}
    - target: {fileID: 3255728006808415643, guid: f26b678b4180ea44da38f02f67334b7a,
        type: 3}
      propertyPath: m_LocalEulerAnglesHint.x
      value: 0
      objectReference: {fileID: 0}
    - target: {fileID: 3255728006808415643, guid: f26b678b4180ea44da38f02f67334b7a,
        type: 3}
      propertyPath: m_LocalEulerAnglesHint.y
      value: 0
      objectReference: {fileID: 0}
    - target: {fileID: 3255728006808415643, guid: f26b678b4180ea44da38f02f67334b7a,
        type: 3}
      propertyPath: m_LocalEulerAnglesHint.z
      value: 0
      objectReference: {fileID: 0}
    - target: {fileID: 3255728006808415643, guid: f26b678b4180ea44da38f02f67334b7a,
        type: 3}
      propertyPath: m_AnchoredPosition.x
      value: 115
      objectReference: {fileID: 0}
    - target: {fileID: 3255728006808415643, guid: f26b678b4180ea44da38f02f67334b7a,
        type: 3}
      propertyPath: m_AnchoredPosition.y
      value: -255
      objectReference: {fileID: 0}
    - target: {fileID: 3255728006808415643, guid: f26b678b4180ea44da38f02f67334b7a,
        type: 3}
      propertyPath: m_SizeDelta.x
      value: 60
      objectReference: {fileID: 0}
    - target: {fileID: 3255728006808415643, guid: f26b678b4180ea44da38f02f67334b7a,
        type: 3}
      propertyPath: m_SizeDelta.y
      value: 60
      objectReference: {fileID: 0}
    - target: {fileID: 3255728006808415643, guid: f26b678b4180ea44da38f02f67334b7a,
        type: 3}
      propertyPath: m_AnchorMin.x
      value: 0
      objectReference: {fileID: 0}
    - target: {fileID: 3255728006808415643, guid: f26b678b4180ea44da38f02f67334b7a,
        type: 3}
      propertyPath: m_AnchorMin.y
      value: 1
      objectReference: {fileID: 0}
    - target: {fileID: 3255728006808415643, guid: f26b678b4180ea44da38f02f67334b7a,
        type: 3}
      propertyPath: m_AnchorMax.x
      value: 0
      objectReference: {fileID: 0}
    - target: {fileID: 3255728006808415643, guid: f26b678b4180ea44da38f02f67334b7a,
        type: 3}
      propertyPath: m_AnchorMax.y
      value: 1
      objectReference: {fileID: 0}
    - target: {fileID: 3255728006808415643, guid: f26b678b4180ea44da38f02f67334b7a,
        type: 3}
      propertyPath: m_Pivot.x
      value: 0.5
      objectReference: {fileID: 0}
    - target: {fileID: 3255728006808415643, guid: f26b678b4180ea44da38f02f67334b7a,
        type: 3}
      propertyPath: m_Pivot.y
      value: 0.5
      objectReference: {fileID: 0}
    m_RemovedComponents: []
  m_SourcePrefab: {fileID: 100100000, guid: f26b678b4180ea44da38f02f67334b7a, type: 3}
--- !u!224 &7519028957818154119 stripped
RectTransform:
  m_CorrespondingSourceObject: {fileID: 3255728006808415643, guid: f26b678b4180ea44da38f02f67334b7a,
    type: 3}
  m_PrefabInstance: {fileID: 5005293178911932700}
  m_PrefabAsset: {fileID: 0}
--- !u!1001 &5005293179340218027
PrefabInstance:
  m_ObjectHideFlags: 0
  serializedVersion: 2
  m_Modification:
    m_TransformParent: {fileID: 8274458845982487888}
    m_Modifications:
    - target: {fileID: 3255728006808415642, guid: f26b678b4180ea44da38f02f67334b7a,
        type: 3}
      propertyPath: m_Name
      value: InventorySlot (14)
      objectReference: {fileID: 0}
    - target: {fileID: 3255728006808415643, guid: f26b678b4180ea44da38f02f67334b7a,
        type: 3}
      propertyPath: m_LocalPosition.x
      value: 0
      objectReference: {fileID: 0}
    - target: {fileID: 3255728006808415643, guid: f26b678b4180ea44da38f02f67334b7a,
        type: 3}
      propertyPath: m_LocalPosition.y
      value: 0
      objectReference: {fileID: 0}
    - target: {fileID: 3255728006808415643, guid: f26b678b4180ea44da38f02f67334b7a,
        type: 3}
      propertyPath: m_LocalPosition.z
      value: 0
      objectReference: {fileID: 0}
    - target: {fileID: 3255728006808415643, guid: f26b678b4180ea44da38f02f67334b7a,
        type: 3}
      propertyPath: m_LocalRotation.x
      value: 0
      objectReference: {fileID: 0}
    - target: {fileID: 3255728006808415643, guid: f26b678b4180ea44da38f02f67334b7a,
        type: 3}
      propertyPath: m_LocalRotation.y
      value: 0
      objectReference: {fileID: 0}
    - target: {fileID: 3255728006808415643, guid: f26b678b4180ea44da38f02f67334b7a,
        type: 3}
      propertyPath: m_LocalRotation.z
      value: 0
      objectReference: {fileID: 0}
    - target: {fileID: 3255728006808415643, guid: f26b678b4180ea44da38f02f67334b7a,
        type: 3}
      propertyPath: m_LocalRotation.w
      value: 1
      objectReference: {fileID: 0}
    - target: {fileID: 3255728006808415643, guid: f26b678b4180ea44da38f02f67334b7a,
        type: 3}
      propertyPath: m_RootOrder
      value: 14
      objectReference: {fileID: 0}
    - target: {fileID: 3255728006808415643, guid: f26b678b4180ea44da38f02f67334b7a,
        type: 3}
      propertyPath: m_LocalEulerAnglesHint.x
      value: 0
      objectReference: {fileID: 0}
    - target: {fileID: 3255728006808415643, guid: f26b678b4180ea44da38f02f67334b7a,
        type: 3}
      propertyPath: m_LocalEulerAnglesHint.y
      value: 0
      objectReference: {fileID: 0}
    - target: {fileID: 3255728006808415643, guid: f26b678b4180ea44da38f02f67334b7a,
        type: 3}
      propertyPath: m_LocalEulerAnglesHint.z
      value: 0
      objectReference: {fileID: 0}
    - target: {fileID: 3255728006808415643, guid: f26b678b4180ea44da38f02f67334b7a,
        type: 3}
      propertyPath: m_AnchoredPosition.x
      value: 185
      objectReference: {fileID: 0}
    - target: {fileID: 3255728006808415643, guid: f26b678b4180ea44da38f02f67334b7a,
        type: 3}
      propertyPath: m_AnchoredPosition.y
      value: -255
      objectReference: {fileID: 0}
    - target: {fileID: 3255728006808415643, guid: f26b678b4180ea44da38f02f67334b7a,
        type: 3}
      propertyPath: m_SizeDelta.x
      value: 60
      objectReference: {fileID: 0}
    - target: {fileID: 3255728006808415643, guid: f26b678b4180ea44da38f02f67334b7a,
        type: 3}
      propertyPath: m_SizeDelta.y
      value: 60
      objectReference: {fileID: 0}
    - target: {fileID: 3255728006808415643, guid: f26b678b4180ea44da38f02f67334b7a,
        type: 3}
      propertyPath: m_AnchorMin.x
      value: 0
      objectReference: {fileID: 0}
    - target: {fileID: 3255728006808415643, guid: f26b678b4180ea44da38f02f67334b7a,
        type: 3}
      propertyPath: m_AnchorMin.y
      value: 1
      objectReference: {fileID: 0}
    - target: {fileID: 3255728006808415643, guid: f26b678b4180ea44da38f02f67334b7a,
        type: 3}
      propertyPath: m_AnchorMax.x
      value: 0
      objectReference: {fileID: 0}
    - target: {fileID: 3255728006808415643, guid: f26b678b4180ea44da38f02f67334b7a,
        type: 3}
      propertyPath: m_AnchorMax.y
      value: 1
      objectReference: {fileID: 0}
    - target: {fileID: 3255728006808415643, guid: f26b678b4180ea44da38f02f67334b7a,
        type: 3}
      propertyPath: m_Pivot.x
      value: 0.5
      objectReference: {fileID: 0}
    - target: {fileID: 3255728006808415643, guid: f26b678b4180ea44da38f02f67334b7a,
        type: 3}
      propertyPath: m_Pivot.y
      value: 0.5
      objectReference: {fileID: 0}
    m_RemovedComponents: []
  m_SourcePrefab: {fileID: 100100000, guid: f26b678b4180ea44da38f02f67334b7a, type: 3}
--- !u!224 &7519028958182601520 stripped
RectTransform:
  m_CorrespondingSourceObject: {fileID: 3255728006808415643, guid: f26b678b4180ea44da38f02f67334b7a,
    type: 3}
  m_PrefabInstance: {fileID: 5005293179340218027}
  m_PrefabAsset: {fileID: 0}
--- !u!1001 &5005293179364866908
PrefabInstance:
  m_ObjectHideFlags: 0
  serializedVersion: 2
  m_Modification:
    m_TransformParent: {fileID: 8274458845982487888}
    m_Modifications:
    - target: {fileID: 3255728006808415642, guid: f26b678b4180ea44da38f02f67334b7a,
        type: 3}
      propertyPath: m_Name
      value: InventorySlot (3)
      objectReference: {fileID: 0}
    - target: {fileID: 3255728006808415643, guid: f26b678b4180ea44da38f02f67334b7a,
        type: 3}
      propertyPath: m_LocalPosition.x
      value: 0
      objectReference: {fileID: 0}
    - target: {fileID: 3255728006808415643, guid: f26b678b4180ea44da38f02f67334b7a,
        type: 3}
      propertyPath: m_LocalPosition.y
      value: 0
      objectReference: {fileID: 0}
    - target: {fileID: 3255728006808415643, guid: f26b678b4180ea44da38f02f67334b7a,
        type: 3}
      propertyPath: m_LocalPosition.z
      value: 0
      objectReference: {fileID: 0}
    - target: {fileID: 3255728006808415643, guid: f26b678b4180ea44da38f02f67334b7a,
        type: 3}
      propertyPath: m_LocalRotation.x
      value: 0
      objectReference: {fileID: 0}
    - target: {fileID: 3255728006808415643, guid: f26b678b4180ea44da38f02f67334b7a,
        type: 3}
      propertyPath: m_LocalRotation.y
      value: 0
      objectReference: {fileID: 0}
    - target: {fileID: 3255728006808415643, guid: f26b678b4180ea44da38f02f67334b7a,
        type: 3}
      propertyPath: m_LocalRotation.z
      value: 0
      objectReference: {fileID: 0}
    - target: {fileID: 3255728006808415643, guid: f26b678b4180ea44da38f02f67334b7a,
        type: 3}
      propertyPath: m_LocalRotation.w
      value: 1
      objectReference: {fileID: 0}
    - target: {fileID: 3255728006808415643, guid: f26b678b4180ea44da38f02f67334b7a,
        type: 3}
      propertyPath: m_RootOrder
      value: 3
      objectReference: {fileID: 0}
    - target: {fileID: 3255728006808415643, guid: f26b678b4180ea44da38f02f67334b7a,
        type: 3}
      propertyPath: m_LocalEulerAnglesHint.x
      value: 0
      objectReference: {fileID: 0}
    - target: {fileID: 3255728006808415643, guid: f26b678b4180ea44da38f02f67334b7a,
        type: 3}
      propertyPath: m_LocalEulerAnglesHint.y
      value: 0
      objectReference: {fileID: 0}
    - target: {fileID: 3255728006808415643, guid: f26b678b4180ea44da38f02f67334b7a,
        type: 3}
      propertyPath: m_LocalEulerAnglesHint.z
      value: 0
      objectReference: {fileID: 0}
    - target: {fileID: 3255728006808415643, guid: f26b678b4180ea44da38f02f67334b7a,
        type: 3}
      propertyPath: m_AnchoredPosition.x
      value: 255
      objectReference: {fileID: 0}
    - target: {fileID: 3255728006808415643, guid: f26b678b4180ea44da38f02f67334b7a,
        type: 3}
      propertyPath: m_AnchoredPosition.y
      value: -45
      objectReference: {fileID: 0}
    - target: {fileID: 3255728006808415643, guid: f26b678b4180ea44da38f02f67334b7a,
        type: 3}
      propertyPath: m_SizeDelta.x
      value: 60
      objectReference: {fileID: 0}
    - target: {fileID: 3255728006808415643, guid: f26b678b4180ea44da38f02f67334b7a,
        type: 3}
      propertyPath: m_SizeDelta.y
      value: 60
      objectReference: {fileID: 0}
    - target: {fileID: 3255728006808415643, guid: f26b678b4180ea44da38f02f67334b7a,
        type: 3}
      propertyPath: m_AnchorMin.x
      value: 0
      objectReference: {fileID: 0}
    - target: {fileID: 3255728006808415643, guid: f26b678b4180ea44da38f02f67334b7a,
        type: 3}
      propertyPath: m_AnchorMin.y
      value: 1
      objectReference: {fileID: 0}
    - target: {fileID: 3255728006808415643, guid: f26b678b4180ea44da38f02f67334b7a,
        type: 3}
      propertyPath: m_AnchorMax.x
      value: 0
      objectReference: {fileID: 0}
    - target: {fileID: 3255728006808415643, guid: f26b678b4180ea44da38f02f67334b7a,
        type: 3}
      propertyPath: m_AnchorMax.y
      value: 1
      objectReference: {fileID: 0}
    - target: {fileID: 3255728006808415643, guid: f26b678b4180ea44da38f02f67334b7a,
        type: 3}
      propertyPath: m_Pivot.x
      value: 0.5
      objectReference: {fileID: 0}
    - target: {fileID: 3255728006808415643, guid: f26b678b4180ea44da38f02f67334b7a,
        type: 3}
      propertyPath: m_Pivot.y
      value: 0.5
      objectReference: {fileID: 0}
    m_RemovedComponents: []
  m_SourcePrefab: {fileID: 100100000, guid: f26b678b4180ea44da38f02f67334b7a, type: 3}
--- !u!224 &7519028957231011527 stripped
RectTransform:
  m_CorrespondingSourceObject: {fileID: 3255728006808415643, guid: f26b678b4180ea44da38f02f67334b7a,
    type: 3}
  m_PrefabInstance: {fileID: 5005293179364866908}
  m_PrefabAsset: {fileID: 0}
--- !u!1001 &5005293179465379770
PrefabInstance:
  m_ObjectHideFlags: 0
  serializedVersion: 2
  m_Modification:
    m_TransformParent: {fileID: 8274458845982487888}
    m_Modifications:
    - target: {fileID: 3255728006808415642, guid: f26b678b4180ea44da38f02f67334b7a,
        type: 3}
      propertyPath: m_Name
      value: InventorySlot (1)
      objectReference: {fileID: 0}
    - target: {fileID: 3255728006808415643, guid: f26b678b4180ea44da38f02f67334b7a,
        type: 3}
      propertyPath: m_LocalPosition.x
      value: 0
      objectReference: {fileID: 0}
    - target: {fileID: 3255728006808415643, guid: f26b678b4180ea44da38f02f67334b7a,
        type: 3}
      propertyPath: m_LocalPosition.y
      value: 0
      objectReference: {fileID: 0}
    - target: {fileID: 3255728006808415643, guid: f26b678b4180ea44da38f02f67334b7a,
        type: 3}
      propertyPath: m_LocalPosition.z
      value: 0
      objectReference: {fileID: 0}
    - target: {fileID: 3255728006808415643, guid: f26b678b4180ea44da38f02f67334b7a,
        type: 3}
      propertyPath: m_LocalRotation.x
      value: 0
      objectReference: {fileID: 0}
    - target: {fileID: 3255728006808415643, guid: f26b678b4180ea44da38f02f67334b7a,
        type: 3}
      propertyPath: m_LocalRotation.y
      value: 0
      objectReference: {fileID: 0}
    - target: {fileID: 3255728006808415643, guid: f26b678b4180ea44da38f02f67334b7a,
        type: 3}
      propertyPath: m_LocalRotation.z
      value: 0
      objectReference: {fileID: 0}
    - target: {fileID: 3255728006808415643, guid: f26b678b4180ea44da38f02f67334b7a,
        type: 3}
      propertyPath: m_LocalRotation.w
      value: 1
      objectReference: {fileID: 0}
    - target: {fileID: 3255728006808415643, guid: f26b678b4180ea44da38f02f67334b7a,
        type: 3}
      propertyPath: m_RootOrder
      value: 1
      objectReference: {fileID: 0}
    - target: {fileID: 3255728006808415643, guid: f26b678b4180ea44da38f02f67334b7a,
        type: 3}
      propertyPath: m_LocalEulerAnglesHint.x
      value: 0
      objectReference: {fileID: 0}
    - target: {fileID: 3255728006808415643, guid: f26b678b4180ea44da38f02f67334b7a,
        type: 3}
      propertyPath: m_LocalEulerAnglesHint.y
      value: 0
      objectReference: {fileID: 0}
    - target: {fileID: 3255728006808415643, guid: f26b678b4180ea44da38f02f67334b7a,
        type: 3}
      propertyPath: m_LocalEulerAnglesHint.z
      value: 0
      objectReference: {fileID: 0}
    - target: {fileID: 3255728006808415643, guid: f26b678b4180ea44da38f02f67334b7a,
        type: 3}
      propertyPath: m_AnchoredPosition.x
      value: 115
      objectReference: {fileID: 0}
    - target: {fileID: 3255728006808415643, guid: f26b678b4180ea44da38f02f67334b7a,
        type: 3}
      propertyPath: m_AnchoredPosition.y
      value: -45
      objectReference: {fileID: 0}
    - target: {fileID: 3255728006808415643, guid: f26b678b4180ea44da38f02f67334b7a,
        type: 3}
      propertyPath: m_SizeDelta.x
      value: 60
      objectReference: {fileID: 0}
    - target: {fileID: 3255728006808415643, guid: f26b678b4180ea44da38f02f67334b7a,
        type: 3}
      propertyPath: m_SizeDelta.y
      value: 60
      objectReference: {fileID: 0}
    - target: {fileID: 3255728006808415643, guid: f26b678b4180ea44da38f02f67334b7a,
        type: 3}
      propertyPath: m_AnchorMin.x
      value: 0
      objectReference: {fileID: 0}
    - target: {fileID: 3255728006808415643, guid: f26b678b4180ea44da38f02f67334b7a,
        type: 3}
      propertyPath: m_AnchorMin.y
      value: 1
      objectReference: {fileID: 0}
    - target: {fileID: 3255728006808415643, guid: f26b678b4180ea44da38f02f67334b7a,
        type: 3}
      propertyPath: m_AnchorMax.x
      value: 0
      objectReference: {fileID: 0}
    - target: {fileID: 3255728006808415643, guid: f26b678b4180ea44da38f02f67334b7a,
        type: 3}
      propertyPath: m_AnchorMax.y
      value: 1
      objectReference: {fileID: 0}
    - target: {fileID: 3255728006808415643, guid: f26b678b4180ea44da38f02f67334b7a,
        type: 3}
      propertyPath: m_Pivot.x
      value: 0.5
      objectReference: {fileID: 0}
    - target: {fileID: 3255728006808415643, guid: f26b678b4180ea44da38f02f67334b7a,
        type: 3}
      propertyPath: m_Pivot.y
      value: 0.5
      objectReference: {fileID: 0}
    m_RemovedComponents: []
  m_SourcePrefab: {fileID: 100100000, guid: f26b678b4180ea44da38f02f67334b7a, type: 3}
--- !u!224 &7519028957264675361 stripped
RectTransform:
  m_CorrespondingSourceObject: {fileID: 3255728006808415643, guid: f26b678b4180ea44da38f02f67334b7a,
    type: 3}
  m_PrefabInstance: {fileID: 5005293179465379770}
  m_PrefabAsset: {fileID: 0}
--- !u!1001 &5005293179510518031
PrefabInstance:
  m_ObjectHideFlags: 0
  serializedVersion: 2
  m_Modification:
    m_TransformParent: {fileID: 8274458845982487888}
    m_Modifications:
    - target: {fileID: 3255728006808415642, guid: f26b678b4180ea44da38f02f67334b7a,
        type: 3}
      propertyPath: m_Name
      value: InventorySlot (5)
      objectReference: {fileID: 0}
    - target: {fileID: 3255728006808415643, guid: f26b678b4180ea44da38f02f67334b7a,
        type: 3}
      propertyPath: m_LocalPosition.x
      value: 0
      objectReference: {fileID: 0}
    - target: {fileID: 3255728006808415643, guid: f26b678b4180ea44da38f02f67334b7a,
        type: 3}
      propertyPath: m_LocalPosition.y
      value: 0
      objectReference: {fileID: 0}
    - target: {fileID: 3255728006808415643, guid: f26b678b4180ea44da38f02f67334b7a,
        type: 3}
      propertyPath: m_LocalPosition.z
      value: 0
      objectReference: {fileID: 0}
    - target: {fileID: 3255728006808415643, guid: f26b678b4180ea44da38f02f67334b7a,
        type: 3}
      propertyPath: m_LocalRotation.x
      value: 0
      objectReference: {fileID: 0}
    - target: {fileID: 3255728006808415643, guid: f26b678b4180ea44da38f02f67334b7a,
        type: 3}
      propertyPath: m_LocalRotation.y
      value: 0
      objectReference: {fileID: 0}
    - target: {fileID: 3255728006808415643, guid: f26b678b4180ea44da38f02f67334b7a,
        type: 3}
      propertyPath: m_LocalRotation.z
      value: 0
      objectReference: {fileID: 0}
    - target: {fileID: 3255728006808415643, guid: f26b678b4180ea44da38f02f67334b7a,
        type: 3}
      propertyPath: m_LocalRotation.w
      value: 1
      objectReference: {fileID: 0}
    - target: {fileID: 3255728006808415643, guid: f26b678b4180ea44da38f02f67334b7a,
        type: 3}
      propertyPath: m_RootOrder
      value: 5
      objectReference: {fileID: 0}
    - target: {fileID: 3255728006808415643, guid: f26b678b4180ea44da38f02f67334b7a,
        type: 3}
      propertyPath: m_LocalEulerAnglesHint.x
      value: 0
      objectReference: {fileID: 0}
    - target: {fileID: 3255728006808415643, guid: f26b678b4180ea44da38f02f67334b7a,
        type: 3}
      propertyPath: m_LocalEulerAnglesHint.y
      value: 0
      objectReference: {fileID: 0}
    - target: {fileID: 3255728006808415643, guid: f26b678b4180ea44da38f02f67334b7a,
        type: 3}
      propertyPath: m_LocalEulerAnglesHint.z
      value: 0
      objectReference: {fileID: 0}
    - target: {fileID: 3255728006808415643, guid: f26b678b4180ea44da38f02f67334b7a,
        type: 3}
      propertyPath: m_AnchoredPosition.x
      value: 115
      objectReference: {fileID: 0}
    - target: {fileID: 3255728006808415643, guid: f26b678b4180ea44da38f02f67334b7a,
        type: 3}
      propertyPath: m_AnchoredPosition.y
      value: -115
      objectReference: {fileID: 0}
    - target: {fileID: 3255728006808415643, guid: f26b678b4180ea44da38f02f67334b7a,
        type: 3}
      propertyPath: m_SizeDelta.x
      value: 60
      objectReference: {fileID: 0}
    - target: {fileID: 3255728006808415643, guid: f26b678b4180ea44da38f02f67334b7a,
        type: 3}
      propertyPath: m_SizeDelta.y
      value: 60
      objectReference: {fileID: 0}
    - target: {fileID: 3255728006808415643, guid: f26b678b4180ea44da38f02f67334b7a,
        type: 3}
      propertyPath: m_AnchorMin.x
      value: 0
      objectReference: {fileID: 0}
    - target: {fileID: 3255728006808415643, guid: f26b678b4180ea44da38f02f67334b7a,
        type: 3}
      propertyPath: m_AnchorMin.y
      value: 1
      objectReference: {fileID: 0}
    - target: {fileID: 3255728006808415643, guid: f26b678b4180ea44da38f02f67334b7a,
        type: 3}
      propertyPath: m_AnchorMax.x
      value: 0
      objectReference: {fileID: 0}
    - target: {fileID: 3255728006808415643, guid: f26b678b4180ea44da38f02f67334b7a,
        type: 3}
      propertyPath: m_AnchorMax.y
      value: 1
      objectReference: {fileID: 0}
    - target: {fileID: 3255728006808415643, guid: f26b678b4180ea44da38f02f67334b7a,
        type: 3}
      propertyPath: m_Pivot.x
      value: 0.5
      objectReference: {fileID: 0}
    - target: {fileID: 3255728006808415643, guid: f26b678b4180ea44da38f02f67334b7a,
        type: 3}
      propertyPath: m_Pivot.y
      value: 0.5
      objectReference: {fileID: 0}
    m_RemovedComponents: []
  m_SourcePrefab: {fileID: 100100000, guid: f26b678b4180ea44da38f02f67334b7a, type: 3}
--- !u!224 &7519028957345471636 stripped
RectTransform:
  m_CorrespondingSourceObject: {fileID: 3255728006808415643, guid: f26b678b4180ea44da38f02f67334b7a,
    type: 3}
  m_PrefabInstance: {fileID: 5005293179510518031}
  m_PrefabAsset: {fileID: 0}
--- !u!1001 &5005293179549375033
PrefabInstance:
  m_ObjectHideFlags: 0
  serializedVersion: 2
  m_Modification:
    m_TransformParent: {fileID: 8274458845982487888}
    m_Modifications:
    - target: {fileID: 3255728006808415642, guid: f26b678b4180ea44da38f02f67334b7a,
        type: 3}
      propertyPath: m_Name
      value: InventorySlot (4)
      objectReference: {fileID: 0}
    - target: {fileID: 3255728006808415643, guid: f26b678b4180ea44da38f02f67334b7a,
        type: 3}
      propertyPath: m_LocalPosition.x
      value: 0
      objectReference: {fileID: 0}
    - target: {fileID: 3255728006808415643, guid: f26b678b4180ea44da38f02f67334b7a,
        type: 3}
      propertyPath: m_LocalPosition.y
      value: 0
      objectReference: {fileID: 0}
    - target: {fileID: 3255728006808415643, guid: f26b678b4180ea44da38f02f67334b7a,
        type: 3}
      propertyPath: m_LocalPosition.z
      value: 0
      objectReference: {fileID: 0}
    - target: {fileID: 3255728006808415643, guid: f26b678b4180ea44da38f02f67334b7a,
        type: 3}
      propertyPath: m_LocalRotation.x
      value: 0
      objectReference: {fileID: 0}
    - target: {fileID: 3255728006808415643, guid: f26b678b4180ea44da38f02f67334b7a,
        type: 3}
      propertyPath: m_LocalRotation.y
      value: 0
      objectReference: {fileID: 0}
    - target: {fileID: 3255728006808415643, guid: f26b678b4180ea44da38f02f67334b7a,
        type: 3}
      propertyPath: m_LocalRotation.z
      value: 0
      objectReference: {fileID: 0}
    - target: {fileID: 3255728006808415643, guid: f26b678b4180ea44da38f02f67334b7a,
        type: 3}
      propertyPath: m_LocalRotation.w
      value: 1
      objectReference: {fileID: 0}
    - target: {fileID: 3255728006808415643, guid: f26b678b4180ea44da38f02f67334b7a,
        type: 3}
      propertyPath: m_RootOrder
      value: 4
      objectReference: {fileID: 0}
    - target: {fileID: 3255728006808415643, guid: f26b678b4180ea44da38f02f67334b7a,
        type: 3}
      propertyPath: m_LocalEulerAnglesHint.x
      value: 0
      objectReference: {fileID: 0}
    - target: {fileID: 3255728006808415643, guid: f26b678b4180ea44da38f02f67334b7a,
        type: 3}
      propertyPath: m_LocalEulerAnglesHint.y
      value: 0
      objectReference: {fileID: 0}
    - target: {fileID: 3255728006808415643, guid: f26b678b4180ea44da38f02f67334b7a,
        type: 3}
      propertyPath: m_LocalEulerAnglesHint.z
      value: 0
      objectReference: {fileID: 0}
    - target: {fileID: 3255728006808415643, guid: f26b678b4180ea44da38f02f67334b7a,
        type: 3}
      propertyPath: m_AnchoredPosition.x
      value: 45
      objectReference: {fileID: 0}
    - target: {fileID: 3255728006808415643, guid: f26b678b4180ea44da38f02f67334b7a,
        type: 3}
      propertyPath: m_AnchoredPosition.y
      value: -115
      objectReference: {fileID: 0}
    - target: {fileID: 3255728006808415643, guid: f26b678b4180ea44da38f02f67334b7a,
        type: 3}
      propertyPath: m_SizeDelta.x
      value: 60
      objectReference: {fileID: 0}
    - target: {fileID: 3255728006808415643, guid: f26b678b4180ea44da38f02f67334b7a,
        type: 3}
      propertyPath: m_SizeDelta.y
      value: 60
      objectReference: {fileID: 0}
    - target: {fileID: 3255728006808415643, guid: f26b678b4180ea44da38f02f67334b7a,
        type: 3}
      propertyPath: m_AnchorMin.x
      value: 0
      objectReference: {fileID: 0}
    - target: {fileID: 3255728006808415643, guid: f26b678b4180ea44da38f02f67334b7a,
        type: 3}
      propertyPath: m_AnchorMin.y
      value: 1
      objectReference: {fileID: 0}
    - target: {fileID: 3255728006808415643, guid: f26b678b4180ea44da38f02f67334b7a,
        type: 3}
      propertyPath: m_AnchorMax.x
      value: 0
      objectReference: {fileID: 0}
    - target: {fileID: 3255728006808415643, guid: f26b678b4180ea44da38f02f67334b7a,
        type: 3}
      propertyPath: m_AnchorMax.y
      value: 1
      objectReference: {fileID: 0}
    - target: {fileID: 3255728006808415643, guid: f26b678b4180ea44da38f02f67334b7a,
        type: 3}
      propertyPath: m_Pivot.x
      value: 0.5
      objectReference: {fileID: 0}
    - target: {fileID: 3255728006808415643, guid: f26b678b4180ea44da38f02f67334b7a,
        type: 3}
      propertyPath: m_Pivot.y
      value: 0.5
      objectReference: {fileID: 0}
    m_RemovedComponents: []
  m_SourcePrefab: {fileID: 100100000, guid: f26b678b4180ea44da38f02f67334b7a, type: 3}
--- !u!224 &7519028957315004322 stripped
RectTransform:
  m_CorrespondingSourceObject: {fileID: 3255728006808415643, guid: f26b678b4180ea44da38f02f67334b7a,
    type: 3}
  m_PrefabInstance: {fileID: 5005293179549375033}
  m_PrefabAsset: {fileID: 0}
--- !u!1001 &5005293179750433560
PrefabInstance:
  m_ObjectHideFlags: 0
  serializedVersion: 2
  m_Modification:
    m_TransformParent: {fileID: 8274458845982487888}
    m_Modifications:
    - target: {fileID: 3255728006808415642, guid: f26b678b4180ea44da38f02f67334b7a,
        type: 3}
      propertyPath: m_Name
      value: InventorySlot (8)
      objectReference: {fileID: 0}
    - target: {fileID: 3255728006808415643, guid: f26b678b4180ea44da38f02f67334b7a,
        type: 3}
      propertyPath: m_LocalPosition.x
      value: 0
      objectReference: {fileID: 0}
    - target: {fileID: 3255728006808415643, guid: f26b678b4180ea44da38f02f67334b7a,
        type: 3}
      propertyPath: m_LocalPosition.y
      value: 0
      objectReference: {fileID: 0}
    - target: {fileID: 3255728006808415643, guid: f26b678b4180ea44da38f02f67334b7a,
        type: 3}
      propertyPath: m_LocalPosition.z
      value: 0
      objectReference: {fileID: 0}
    - target: {fileID: 3255728006808415643, guid: f26b678b4180ea44da38f02f67334b7a,
        type: 3}
      propertyPath: m_LocalRotation.x
      value: 0
      objectReference: {fileID: 0}
    - target: {fileID: 3255728006808415643, guid: f26b678b4180ea44da38f02f67334b7a,
        type: 3}
      propertyPath: m_LocalRotation.y
      value: 0
      objectReference: {fileID: 0}
    - target: {fileID: 3255728006808415643, guid: f26b678b4180ea44da38f02f67334b7a,
        type: 3}
      propertyPath: m_LocalRotation.z
      value: 0
      objectReference: {fileID: 0}
    - target: {fileID: 3255728006808415643, guid: f26b678b4180ea44da38f02f67334b7a,
        type: 3}
      propertyPath: m_LocalRotation.w
      value: 1
      objectReference: {fileID: 0}
    - target: {fileID: 3255728006808415643, guid: f26b678b4180ea44da38f02f67334b7a,
        type: 3}
      propertyPath: m_RootOrder
      value: 8
      objectReference: {fileID: 0}
    - target: {fileID: 3255728006808415643, guid: f26b678b4180ea44da38f02f67334b7a,
        type: 3}
      propertyPath: m_LocalEulerAnglesHint.x
      value: 0
      objectReference: {fileID: 0}
    - target: {fileID: 3255728006808415643, guid: f26b678b4180ea44da38f02f67334b7a,
        type: 3}
      propertyPath: m_LocalEulerAnglesHint.y
      value: 0
      objectReference: {fileID: 0}
    - target: {fileID: 3255728006808415643, guid: f26b678b4180ea44da38f02f67334b7a,
        type: 3}
      propertyPath: m_LocalEulerAnglesHint.z
      value: 0
      objectReference: {fileID: 0}
    - target: {fileID: 3255728006808415643, guid: f26b678b4180ea44da38f02f67334b7a,
        type: 3}
      propertyPath: m_AnchoredPosition.x
      value: 45
      objectReference: {fileID: 0}
    - target: {fileID: 3255728006808415643, guid: f26b678b4180ea44da38f02f67334b7a,
        type: 3}
      propertyPath: m_AnchoredPosition.y
      value: -185
      objectReference: {fileID: 0}
    - target: {fileID: 3255728006808415643, guid: f26b678b4180ea44da38f02f67334b7a,
        type: 3}
      propertyPath: m_SizeDelta.x
      value: 60
      objectReference: {fileID: 0}
    - target: {fileID: 3255728006808415643, guid: f26b678b4180ea44da38f02f67334b7a,
        type: 3}
      propertyPath: m_SizeDelta.y
      value: 60
      objectReference: {fileID: 0}
    - target: {fileID: 3255728006808415643, guid: f26b678b4180ea44da38f02f67334b7a,
        type: 3}
      propertyPath: m_AnchorMin.x
      value: 0
      objectReference: {fileID: 0}
    - target: {fileID: 3255728006808415643, guid: f26b678b4180ea44da38f02f67334b7a,
        type: 3}
      propertyPath: m_AnchorMin.y
      value: 1
      objectReference: {fileID: 0}
    - target: {fileID: 3255728006808415643, guid: f26b678b4180ea44da38f02f67334b7a,
        type: 3}
      propertyPath: m_AnchorMax.x
      value: 0
      objectReference: {fileID: 0}
    - target: {fileID: 3255728006808415643, guid: f26b678b4180ea44da38f02f67334b7a,
        type: 3}
      propertyPath: m_AnchorMax.y
      value: 1
      objectReference: {fileID: 0}
    - target: {fileID: 3255728006808415643, guid: f26b678b4180ea44da38f02f67334b7a,
        type: 3}
      propertyPath: m_Pivot.x
      value: 0.5
      objectReference: {fileID: 0}
    - target: {fileID: 3255728006808415643, guid: f26b678b4180ea44da38f02f67334b7a,
        type: 3}
      propertyPath: m_Pivot.y
      value: 0.5
      objectReference: {fileID: 0}
    m_RemovedComponents: []
  m_SourcePrefab: {fileID: 100100000, guid: f26b678b4180ea44da38f02f67334b7a, type: 3}
--- !u!224 &7519028957517115011 stripped
RectTransform:
  m_CorrespondingSourceObject: {fileID: 3255728006808415643, guid: f26b678b4180ea44da38f02f67334b7a,
    type: 3}
  m_PrefabInstance: {fileID: 5005293179750433560}
  m_PrefabAsset: {fileID: 0}
--- !u!1001 &5005293179769846418
PrefabInstance:
  m_ObjectHideFlags: 0
  serializedVersion: 2
  m_Modification:
    m_TransformParent: {fileID: 8274458845982487888}
    m_Modifications:
    - target: {fileID: 3255728006808415642, guid: f26b678b4180ea44da38f02f67334b7a,
        type: 3}
      propertyPath: m_Name
      value: InventorySlot (15)
      objectReference: {fileID: 0}
    - target: {fileID: 3255728006808415643, guid: f26b678b4180ea44da38f02f67334b7a,
        type: 3}
      propertyPath: m_LocalPosition.x
      value: 0
      objectReference: {fileID: 0}
    - target: {fileID: 3255728006808415643, guid: f26b678b4180ea44da38f02f67334b7a,
        type: 3}
      propertyPath: m_LocalPosition.y
      value: 0
      objectReference: {fileID: 0}
    - target: {fileID: 3255728006808415643, guid: f26b678b4180ea44da38f02f67334b7a,
        type: 3}
      propertyPath: m_LocalPosition.z
      value: 0
      objectReference: {fileID: 0}
    - target: {fileID: 3255728006808415643, guid: f26b678b4180ea44da38f02f67334b7a,
        type: 3}
      propertyPath: m_LocalRotation.x
      value: 0
      objectReference: {fileID: 0}
    - target: {fileID: 3255728006808415643, guid: f26b678b4180ea44da38f02f67334b7a,
        type: 3}
      propertyPath: m_LocalRotation.y
      value: 0
      objectReference: {fileID: 0}
    - target: {fileID: 3255728006808415643, guid: f26b678b4180ea44da38f02f67334b7a,
        type: 3}
      propertyPath: m_LocalRotation.z
      value: 0
      objectReference: {fileID: 0}
    - target: {fileID: 3255728006808415643, guid: f26b678b4180ea44da38f02f67334b7a,
        type: 3}
      propertyPath: m_LocalRotation.w
      value: 1
      objectReference: {fileID: 0}
    - target: {fileID: 3255728006808415643, guid: f26b678b4180ea44da38f02f67334b7a,
        type: 3}
      propertyPath: m_RootOrder
      value: 15
      objectReference: {fileID: 0}
    - target: {fileID: 3255728006808415643, guid: f26b678b4180ea44da38f02f67334b7a,
        type: 3}
      propertyPath: m_LocalEulerAnglesHint.x
      value: 0
      objectReference: {fileID: 0}
    - target: {fileID: 3255728006808415643, guid: f26b678b4180ea44da38f02f67334b7a,
        type: 3}
      propertyPath: m_LocalEulerAnglesHint.y
      value: 0
      objectReference: {fileID: 0}
    - target: {fileID: 3255728006808415643, guid: f26b678b4180ea44da38f02f67334b7a,
        type: 3}
      propertyPath: m_LocalEulerAnglesHint.z
      value: 0
      objectReference: {fileID: 0}
    - target: {fileID: 3255728006808415643, guid: f26b678b4180ea44da38f02f67334b7a,
        type: 3}
      propertyPath: m_AnchoredPosition.x
      value: 255
      objectReference: {fileID: 0}
    - target: {fileID: 3255728006808415643, guid: f26b678b4180ea44da38f02f67334b7a,
        type: 3}
      propertyPath: m_AnchoredPosition.y
      value: -255
      objectReference: {fileID: 0}
    - target: {fileID: 3255728006808415643, guid: f26b678b4180ea44da38f02f67334b7a,
        type: 3}
      propertyPath: m_SizeDelta.x
      value: 60
      objectReference: {fileID: 0}
    - target: {fileID: 3255728006808415643, guid: f26b678b4180ea44da38f02f67334b7a,
        type: 3}
      propertyPath: m_SizeDelta.y
      value: 60
      objectReference: {fileID: 0}
    - target: {fileID: 3255728006808415643, guid: f26b678b4180ea44da38f02f67334b7a,
        type: 3}
      propertyPath: m_AnchorMin.x
      value: 0
      objectReference: {fileID: 0}
    - target: {fileID: 3255728006808415643, guid: f26b678b4180ea44da38f02f67334b7a,
        type: 3}
      propertyPath: m_AnchorMin.y
      value: 1
      objectReference: {fileID: 0}
    - target: {fileID: 3255728006808415643, guid: f26b678b4180ea44da38f02f67334b7a,
        type: 3}
      propertyPath: m_AnchorMax.x
      value: 0
      objectReference: {fileID: 0}
    - target: {fileID: 3255728006808415643, guid: f26b678b4180ea44da38f02f67334b7a,
        type: 3}
      propertyPath: m_AnchorMax.y
      value: 1
      objectReference: {fileID: 0}
    - target: {fileID: 3255728006808415643, guid: f26b678b4180ea44da38f02f67334b7a,
        type: 3}
      propertyPath: m_Pivot.x
      value: 0.5
      objectReference: {fileID: 0}
    - target: {fileID: 3255728006808415643, guid: f26b678b4180ea44da38f02f67334b7a,
        type: 3}
      propertyPath: m_Pivot.y
      value: 0.5
      objectReference: {fileID: 0}
    m_RemovedComponents: []
  m_SourcePrefab: {fileID: 100100000, guid: f26b678b4180ea44da38f02f67334b7a, type: 3}
--- !u!224 &7519028957636122377 stripped
RectTransform:
  m_CorrespondingSourceObject: {fileID: 3255728006808415643, guid: f26b678b4180ea44da38f02f67334b7a,
    type: 3}
  m_PrefabInstance: {fileID: 5005293179769846418}
  m_PrefabAsset: {fileID: 0}
--- !u!1001 &5005293179861557198
PrefabInstance:
  m_ObjectHideFlags: 0
  serializedVersion: 2
  m_Modification:
    m_TransformParent: {fileID: 8274458845982487888}
    m_Modifications:
    - target: {fileID: 3255728006808415642, guid: f26b678b4180ea44da38f02f67334b7a,
        type: 3}
      propertyPath: m_Name
      value: InventorySlot (9)
      objectReference: {fileID: 0}
    - target: {fileID: 3255728006808415643, guid: f26b678b4180ea44da38f02f67334b7a,
        type: 3}
      propertyPath: m_LocalPosition.x
      value: 0
      objectReference: {fileID: 0}
    - target: {fileID: 3255728006808415643, guid: f26b678b4180ea44da38f02f67334b7a,
        type: 3}
      propertyPath: m_LocalPosition.y
      value: 0
      objectReference: {fileID: 0}
    - target: {fileID: 3255728006808415643, guid: f26b678b4180ea44da38f02f67334b7a,
        type: 3}
      propertyPath: m_LocalPosition.z
      value: 0
      objectReference: {fileID: 0}
    - target: {fileID: 3255728006808415643, guid: f26b678b4180ea44da38f02f67334b7a,
        type: 3}
      propertyPath: m_LocalRotation.x
      value: 0
      objectReference: {fileID: 0}
    - target: {fileID: 3255728006808415643, guid: f26b678b4180ea44da38f02f67334b7a,
        type: 3}
      propertyPath: m_LocalRotation.y
      value: 0
      objectReference: {fileID: 0}
    - target: {fileID: 3255728006808415643, guid: f26b678b4180ea44da38f02f67334b7a,
        type: 3}
      propertyPath: m_LocalRotation.z
      value: 0
      objectReference: {fileID: 0}
    - target: {fileID: 3255728006808415643, guid: f26b678b4180ea44da38f02f67334b7a,
        type: 3}
      propertyPath: m_LocalRotation.w
      value: 1
      objectReference: {fileID: 0}
    - target: {fileID: 3255728006808415643, guid: f26b678b4180ea44da38f02f67334b7a,
        type: 3}
      propertyPath: m_RootOrder
      value: 9
      objectReference: {fileID: 0}
    - target: {fileID: 3255728006808415643, guid: f26b678b4180ea44da38f02f67334b7a,
        type: 3}
      propertyPath: m_LocalEulerAnglesHint.x
      value: 0
      objectReference: {fileID: 0}
    - target: {fileID: 3255728006808415643, guid: f26b678b4180ea44da38f02f67334b7a,
        type: 3}
      propertyPath: m_LocalEulerAnglesHint.y
      value: 0
      objectReference: {fileID: 0}
    - target: {fileID: 3255728006808415643, guid: f26b678b4180ea44da38f02f67334b7a,
        type: 3}
      propertyPath: m_LocalEulerAnglesHint.z
      value: 0
      objectReference: {fileID: 0}
    - target: {fileID: 3255728006808415643, guid: f26b678b4180ea44da38f02f67334b7a,
        type: 3}
      propertyPath: m_AnchoredPosition.x
      value: 115
      objectReference: {fileID: 0}
    - target: {fileID: 3255728006808415643, guid: f26b678b4180ea44da38f02f67334b7a,
        type: 3}
      propertyPath: m_AnchoredPosition.y
      value: -185
      objectReference: {fileID: 0}
    - target: {fileID: 3255728006808415643, guid: f26b678b4180ea44da38f02f67334b7a,
        type: 3}
      propertyPath: m_SizeDelta.x
      value: 60
      objectReference: {fileID: 0}
    - target: {fileID: 3255728006808415643, guid: f26b678b4180ea44da38f02f67334b7a,
        type: 3}
      propertyPath: m_SizeDelta.y
      value: 60
      objectReference: {fileID: 0}
    - target: {fileID: 3255728006808415643, guid: f26b678b4180ea44da38f02f67334b7a,
        type: 3}
      propertyPath: m_AnchorMin.x
      value: 0
      objectReference: {fileID: 0}
    - target: {fileID: 3255728006808415643, guid: f26b678b4180ea44da38f02f67334b7a,
        type: 3}
      propertyPath: m_AnchorMin.y
      value: 1
      objectReference: {fileID: 0}
    - target: {fileID: 3255728006808415643, guid: f26b678b4180ea44da38f02f67334b7a,
        type: 3}
      propertyPath: m_AnchorMax.x
      value: 0
      objectReference: {fileID: 0}
    - target: {fileID: 3255728006808415643, guid: f26b678b4180ea44da38f02f67334b7a,
        type: 3}
      propertyPath: m_AnchorMax.y
      value: 1
      objectReference: {fileID: 0}
    - target: {fileID: 3255728006808415643, guid: f26b678b4180ea44da38f02f67334b7a,
        type: 3}
      propertyPath: m_Pivot.x
      value: 0.5
      objectReference: {fileID: 0}
    - target: {fileID: 3255728006808415643, guid: f26b678b4180ea44da38f02f67334b7a,
        type: 3}
      propertyPath: m_Pivot.y
      value: 0.5
      objectReference: {fileID: 0}
    m_RemovedComponents: []
  m_SourcePrefab: {fileID: 100100000, guid: f26b678b4180ea44da38f02f67334b7a, type: 3}
--- !u!224 &7519028957661786709 stripped
RectTransform:
  m_CorrespondingSourceObject: {fileID: 3255728006808415643, guid: f26b678b4180ea44da38f02f67334b7a,
    type: 3}
  m_PrefabInstance: {fileID: 5005293179861557198}
  m_PrefabAsset: {fileID: 0}
--- !u!1001 &5005293179878672006
PrefabInstance:
  m_ObjectHideFlags: 0
  serializedVersion: 2
  m_Modification:
    m_TransformParent: {fileID: 8274458845982487888}
    m_Modifications:
    - target: {fileID: 3255728006808415642, guid: f26b678b4180ea44da38f02f67334b7a,
        type: 3}
      propertyPath: m_Name
      value: InventorySlot (10)
      objectReference: {fileID: 0}
    - target: {fileID: 3255728006808415643, guid: f26b678b4180ea44da38f02f67334b7a,
        type: 3}
      propertyPath: m_LocalPosition.x
      value: 0
      objectReference: {fileID: 0}
    - target: {fileID: 3255728006808415643, guid: f26b678b4180ea44da38f02f67334b7a,
        type: 3}
      propertyPath: m_LocalPosition.y
      value: 0
      objectReference: {fileID: 0}
    - target: {fileID: 3255728006808415643, guid: f26b678b4180ea44da38f02f67334b7a,
        type: 3}
      propertyPath: m_LocalPosition.z
      value: 0
      objectReference: {fileID: 0}
    - target: {fileID: 3255728006808415643, guid: f26b678b4180ea44da38f02f67334b7a,
        type: 3}
      propertyPath: m_LocalRotation.x
      value: 0
      objectReference: {fileID: 0}
    - target: {fileID: 3255728006808415643, guid: f26b678b4180ea44da38f02f67334b7a,
        type: 3}
      propertyPath: m_LocalRotation.y
      value: 0
      objectReference: {fileID: 0}
    - target: {fileID: 3255728006808415643, guid: f26b678b4180ea44da38f02f67334b7a,
        type: 3}
      propertyPath: m_LocalRotation.z
      value: 0
      objectReference: {fileID: 0}
    - target: {fileID: 3255728006808415643, guid: f26b678b4180ea44da38f02f67334b7a,
        type: 3}
      propertyPath: m_LocalRotation.w
      value: 1
      objectReference: {fileID: 0}
    - target: {fileID: 3255728006808415643, guid: f26b678b4180ea44da38f02f67334b7a,
        type: 3}
      propertyPath: m_RootOrder
      value: 10
      objectReference: {fileID: 0}
    - target: {fileID: 3255728006808415643, guid: f26b678b4180ea44da38f02f67334b7a,
        type: 3}
      propertyPath: m_LocalEulerAnglesHint.x
      value: 0
      objectReference: {fileID: 0}
    - target: {fileID: 3255728006808415643, guid: f26b678b4180ea44da38f02f67334b7a,
        type: 3}
      propertyPath: m_LocalEulerAnglesHint.y
      value: 0
      objectReference: {fileID: 0}
    - target: {fileID: 3255728006808415643, guid: f26b678b4180ea44da38f02f67334b7a,
        type: 3}
      propertyPath: m_LocalEulerAnglesHint.z
      value: 0
      objectReference: {fileID: 0}
    - target: {fileID: 3255728006808415643, guid: f26b678b4180ea44da38f02f67334b7a,
        type: 3}
      propertyPath: m_AnchoredPosition.x
      value: 185
      objectReference: {fileID: 0}
    - target: {fileID: 3255728006808415643, guid: f26b678b4180ea44da38f02f67334b7a,
        type: 3}
      propertyPath: m_AnchoredPosition.y
      value: -185
      objectReference: {fileID: 0}
    - target: {fileID: 3255728006808415643, guid: f26b678b4180ea44da38f02f67334b7a,
        type: 3}
      propertyPath: m_SizeDelta.x
      value: 60
      objectReference: {fileID: 0}
    - target: {fileID: 3255728006808415643, guid: f26b678b4180ea44da38f02f67334b7a,
        type: 3}
      propertyPath: m_SizeDelta.y
      value: 60
      objectReference: {fileID: 0}
    - target: {fileID: 3255728006808415643, guid: f26b678b4180ea44da38f02f67334b7a,
        type: 3}
      propertyPath: m_AnchorMin.x
      value: 0
      objectReference: {fileID: 0}
    - target: {fileID: 3255728006808415643, guid: f26b678b4180ea44da38f02f67334b7a,
        type: 3}
      propertyPath: m_AnchorMin.y
      value: 1
      objectReference: {fileID: 0}
    - target: {fileID: 3255728006808415643, guid: f26b678b4180ea44da38f02f67334b7a,
        type: 3}
      propertyPath: m_AnchorMax.x
      value: 0
      objectReference: {fileID: 0}
    - target: {fileID: 3255728006808415643, guid: f26b678b4180ea44da38f02f67334b7a,
        type: 3}
      propertyPath: m_AnchorMax.y
      value: 1
      objectReference: {fileID: 0}
    - target: {fileID: 3255728006808415643, guid: f26b678b4180ea44da38f02f67334b7a,
        type: 3}
      propertyPath: m_Pivot.x
      value: 0.5
      objectReference: {fileID: 0}
    - target: {fileID: 3255728006808415643, guid: f26b678b4180ea44da38f02f67334b7a,
        type: 3}
      propertyPath: m_Pivot.y
      value: 0.5
      objectReference: {fileID: 0}
    m_RemovedComponents: []
  m_SourcePrefab: {fileID: 100100000, guid: f26b678b4180ea44da38f02f67334b7a, type: 3}
--- !u!224 &7519028957644172061 stripped
RectTransform:
  m_CorrespondingSourceObject: {fileID: 3255728006808415643, guid: f26b678b4180ea44da38f02f67334b7a,
    type: 3}
  m_PrefabInstance: {fileID: 5005293179878672006}
  m_PrefabAsset: {fileID: 0}
--- !u!1001 &5005293179953255743
PrefabInstance:
  m_ObjectHideFlags: 0
  serializedVersion: 2
  m_Modification:
    m_TransformParent: {fileID: 8274458845982487888}
    m_Modifications:
    - target: {fileID: 3255728006808415642, guid: f26b678b4180ea44da38f02f67334b7a,
        type: 3}
      propertyPath: m_Name
      value: InventorySlot (12)
      objectReference: {fileID: 0}
    - target: {fileID: 3255728006808415643, guid: f26b678b4180ea44da38f02f67334b7a,
        type: 3}
      propertyPath: m_LocalPosition.x
      value: 0
      objectReference: {fileID: 0}
    - target: {fileID: 3255728006808415643, guid: f26b678b4180ea44da38f02f67334b7a,
        type: 3}
      propertyPath: m_LocalPosition.y
      value: 0
      objectReference: {fileID: 0}
    - target: {fileID: 3255728006808415643, guid: f26b678b4180ea44da38f02f67334b7a,
        type: 3}
      propertyPath: m_LocalPosition.z
      value: 0
      objectReference: {fileID: 0}
    - target: {fileID: 3255728006808415643, guid: f26b678b4180ea44da38f02f67334b7a,
        type: 3}
      propertyPath: m_LocalRotation.x
      value: 0
      objectReference: {fileID: 0}
    - target: {fileID: 3255728006808415643, guid: f26b678b4180ea44da38f02f67334b7a,
        type: 3}
      propertyPath: m_LocalRotation.y
      value: 0
      objectReference: {fileID: 0}
    - target: {fileID: 3255728006808415643, guid: f26b678b4180ea44da38f02f67334b7a,
        type: 3}
      propertyPath: m_LocalRotation.z
      value: 0
      objectReference: {fileID: 0}
    - target: {fileID: 3255728006808415643, guid: f26b678b4180ea44da38f02f67334b7a,
        type: 3}
      propertyPath: m_LocalRotation.w
      value: 1
      objectReference: {fileID: 0}
    - target: {fileID: 3255728006808415643, guid: f26b678b4180ea44da38f02f67334b7a,
        type: 3}
      propertyPath: m_RootOrder
      value: 12
      objectReference: {fileID: 0}
    - target: {fileID: 3255728006808415643, guid: f26b678b4180ea44da38f02f67334b7a,
        type: 3}
      propertyPath: m_LocalEulerAnglesHint.x
      value: 0
      objectReference: {fileID: 0}
    - target: {fileID: 3255728006808415643, guid: f26b678b4180ea44da38f02f67334b7a,
        type: 3}
      propertyPath: m_LocalEulerAnglesHint.y
      value: 0
      objectReference: {fileID: 0}
    - target: {fileID: 3255728006808415643, guid: f26b678b4180ea44da38f02f67334b7a,
        type: 3}
      propertyPath: m_LocalEulerAnglesHint.z
      value: 0
      objectReference: {fileID: 0}
    - target: {fileID: 3255728006808415643, guid: f26b678b4180ea44da38f02f67334b7a,
        type: 3}
      propertyPath: m_AnchoredPosition.x
      value: 45
      objectReference: {fileID: 0}
    - target: {fileID: 3255728006808415643, guid: f26b678b4180ea44da38f02f67334b7a,
        type: 3}
      propertyPath: m_AnchoredPosition.y
      value: -255
      objectReference: {fileID: 0}
    - target: {fileID: 3255728006808415643, guid: f26b678b4180ea44da38f02f67334b7a,
        type: 3}
      propertyPath: m_SizeDelta.x
      value: 60
      objectReference: {fileID: 0}
    - target: {fileID: 3255728006808415643, guid: f26b678b4180ea44da38f02f67334b7a,
        type: 3}
      propertyPath: m_SizeDelta.y
      value: 60
      objectReference: {fileID: 0}
    - target: {fileID: 3255728006808415643, guid: f26b678b4180ea44da38f02f67334b7a,
        type: 3}
      propertyPath: m_AnchorMin.x
      value: 0
      objectReference: {fileID: 0}
    - target: {fileID: 3255728006808415643, guid: f26b678b4180ea44da38f02f67334b7a,
        type: 3}
      propertyPath: m_AnchorMin.y
      value: 1
      objectReference: {fileID: 0}
    - target: {fileID: 3255728006808415643, guid: f26b678b4180ea44da38f02f67334b7a,
        type: 3}
      propertyPath: m_AnchorMax.x
      value: 0
      objectReference: {fileID: 0}
    - target: {fileID: 3255728006808415643, guid: f26b678b4180ea44da38f02f67334b7a,
        type: 3}
      propertyPath: m_AnchorMax.y
      value: 1
      objectReference: {fileID: 0}
    - target: {fileID: 3255728006808415643, guid: f26b678b4180ea44da38f02f67334b7a,
        type: 3}
      propertyPath: m_Pivot.x
      value: 0.5
      objectReference: {fileID: 0}
    - target: {fileID: 3255728006808415643, guid: f26b678b4180ea44da38f02f67334b7a,
        type: 3}
      propertyPath: m_Pivot.y
      value: 0.5
      objectReference: {fileID: 0}
    m_RemovedComponents: []
  m_SourcePrefab: {fileID: 100100000, guid: f26b678b4180ea44da38f02f67334b7a, type: 3}
--- !u!224 &7519028956647372964 stripped
RectTransform:
  m_CorrespondingSourceObject: {fileID: 3255728006808415643, guid: f26b678b4180ea44da38f02f67334b7a,
    type: 3}
  m_PrefabInstance: {fileID: 5005293179953255743}
  m_PrefabAsset: {fileID: 0}
--- !u!1001 &5005293180312378408
PrefabInstance:
  m_ObjectHideFlags: 0
  serializedVersion: 2
  m_Modification:
    m_TransformParent: {fileID: 8274458845982487888}
    m_Modifications:
    - target: {fileID: 3255728006808415642, guid: f26b678b4180ea44da38f02f67334b7a,
        type: 3}
      propertyPath: m_Name
      value: InventorySlot (11)
      objectReference: {fileID: 0}
    - target: {fileID: 3255728006808415643, guid: f26b678b4180ea44da38f02f67334b7a,
        type: 3}
      propertyPath: m_LocalPosition.x
      value: 0
      objectReference: {fileID: 0}
    - target: {fileID: 3255728006808415643, guid: f26b678b4180ea44da38f02f67334b7a,
        type: 3}
      propertyPath: m_LocalPosition.y
      value: 0
      objectReference: {fileID: 0}
    - target: {fileID: 3255728006808415643, guid: f26b678b4180ea44da38f02f67334b7a,
        type: 3}
      propertyPath: m_LocalPosition.z
      value: 0
      objectReference: {fileID: 0}
    - target: {fileID: 3255728006808415643, guid: f26b678b4180ea44da38f02f67334b7a,
        type: 3}
      propertyPath: m_LocalRotation.x
      value: 0
      objectReference: {fileID: 0}
    - target: {fileID: 3255728006808415643, guid: f26b678b4180ea44da38f02f67334b7a,
        type: 3}
      propertyPath: m_LocalRotation.y
      value: 0
      objectReference: {fileID: 0}
    - target: {fileID: 3255728006808415643, guid: f26b678b4180ea44da38f02f67334b7a,
        type: 3}
      propertyPath: m_LocalRotation.z
      value: 0
      objectReference: {fileID: 0}
    - target: {fileID: 3255728006808415643, guid: f26b678b4180ea44da38f02f67334b7a,
        type: 3}
      propertyPath: m_LocalRotation.w
      value: 1
      objectReference: {fileID: 0}
    - target: {fileID: 3255728006808415643, guid: f26b678b4180ea44da38f02f67334b7a,
        type: 3}
      propertyPath: m_RootOrder
      value: 11
      objectReference: {fileID: 0}
    - target: {fileID: 3255728006808415643, guid: f26b678b4180ea44da38f02f67334b7a,
        type: 3}
      propertyPath: m_LocalEulerAnglesHint.x
      value: 0
      objectReference: {fileID: 0}
    - target: {fileID: 3255728006808415643, guid: f26b678b4180ea44da38f02f67334b7a,
        type: 3}
      propertyPath: m_LocalEulerAnglesHint.y
      value: 0
      objectReference: {fileID: 0}
    - target: {fileID: 3255728006808415643, guid: f26b678b4180ea44da38f02f67334b7a,
        type: 3}
      propertyPath: m_LocalEulerAnglesHint.z
      value: 0
      objectReference: {fileID: 0}
    - target: {fileID: 3255728006808415643, guid: f26b678b4180ea44da38f02f67334b7a,
        type: 3}
      propertyPath: m_AnchoredPosition.x
      value: 255
      objectReference: {fileID: 0}
    - target: {fileID: 3255728006808415643, guid: f26b678b4180ea44da38f02f67334b7a,
        type: 3}
      propertyPath: m_AnchoredPosition.y
      value: -185
      objectReference: {fileID: 0}
    - target: {fileID: 3255728006808415643, guid: f26b678b4180ea44da38f02f67334b7a,
        type: 3}
      propertyPath: m_SizeDelta.x
      value: 60
      objectReference: {fileID: 0}
    - target: {fileID: 3255728006808415643, guid: f26b678b4180ea44da38f02f67334b7a,
        type: 3}
      propertyPath: m_SizeDelta.y
      value: 60
      objectReference: {fileID: 0}
    - target: {fileID: 3255728006808415643, guid: f26b678b4180ea44da38f02f67334b7a,
        type: 3}
      propertyPath: m_AnchorMin.x
      value: 0
      objectReference: {fileID: 0}
    - target: {fileID: 3255728006808415643, guid: f26b678b4180ea44da38f02f67334b7a,
        type: 3}
      propertyPath: m_AnchorMin.y
      value: 1
      objectReference: {fileID: 0}
    - target: {fileID: 3255728006808415643, guid: f26b678b4180ea44da38f02f67334b7a,
        type: 3}
      propertyPath: m_AnchorMax.x
      value: 0
      objectReference: {fileID: 0}
    - target: {fileID: 3255728006808415643, guid: f26b678b4180ea44da38f02f67334b7a,
        type: 3}
      propertyPath: m_AnchorMax.y
      value: 1
      objectReference: {fileID: 0}
    - target: {fileID: 3255728006808415643, guid: f26b678b4180ea44da38f02f67334b7a,
        type: 3}
      propertyPath: m_Pivot.x
      value: 0.5
      objectReference: {fileID: 0}
    - target: {fileID: 3255728006808415643, guid: f26b678b4180ea44da38f02f67334b7a,
        type: 3}
      propertyPath: m_Pivot.y
      value: 0.5
      objectReference: {fileID: 0}
    m_RemovedComponents: []
  m_SourcePrefab: {fileID: 100100000, guid: f26b678b4180ea44da38f02f67334b7a, type: 3}
--- !u!224 &7519028957072552371 stripped
RectTransform:
  m_CorrespondingSourceObject: {fileID: 3255728006808415643, guid: f26b678b4180ea44da38f02f67334b7a,
    type: 3}
  m_PrefabInstance: {fileID: 5005293180312378408}
  m_PrefabAsset: {fileID: 0}
--- !u!1001 &5005293180951137136
PrefabInstance:
  m_ObjectHideFlags: 0
  serializedVersion: 2
  m_Modification:
    m_TransformParent: {fileID: 8274458845982487888}
    m_Modifications:
    - target: {fileID: 3255728006808415642, guid: f26b678b4180ea44da38f02f67334b7a,
        type: 3}
      propertyPath: m_Name
      value: InventorySlot (6)
      objectReference: {fileID: 0}
    - target: {fileID: 3255728006808415643, guid: f26b678b4180ea44da38f02f67334b7a,
        type: 3}
      propertyPath: m_LocalPosition.x
      value: 0
      objectReference: {fileID: 0}
    - target: {fileID: 3255728006808415643, guid: f26b678b4180ea44da38f02f67334b7a,
        type: 3}
      propertyPath: m_LocalPosition.y
      value: 0
      objectReference: {fileID: 0}
    - target: {fileID: 3255728006808415643, guid: f26b678b4180ea44da38f02f67334b7a,
        type: 3}
      propertyPath: m_LocalPosition.z
      value: 0
      objectReference: {fileID: 0}
    - target: {fileID: 3255728006808415643, guid: f26b678b4180ea44da38f02f67334b7a,
        type: 3}
      propertyPath: m_LocalRotation.x
      value: 0
      objectReference: {fileID: 0}
    - target: {fileID: 3255728006808415643, guid: f26b678b4180ea44da38f02f67334b7a,
        type: 3}
      propertyPath: m_LocalRotation.y
      value: 0
      objectReference: {fileID: 0}
    - target: {fileID: 3255728006808415643, guid: f26b678b4180ea44da38f02f67334b7a,
        type: 3}
      propertyPath: m_LocalRotation.z
      value: 0
      objectReference: {fileID: 0}
    - target: {fileID: 3255728006808415643, guid: f26b678b4180ea44da38f02f67334b7a,
        type: 3}
      propertyPath: m_LocalRotation.w
      value: 1
      objectReference: {fileID: 0}
    - target: {fileID: 3255728006808415643, guid: f26b678b4180ea44da38f02f67334b7a,
        type: 3}
      propertyPath: m_RootOrder
      value: 6
      objectReference: {fileID: 0}
    - target: {fileID: 3255728006808415643, guid: f26b678b4180ea44da38f02f67334b7a,
        type: 3}
      propertyPath: m_LocalEulerAnglesHint.x
      value: 0
      objectReference: {fileID: 0}
    - target: {fileID: 3255728006808415643, guid: f26b678b4180ea44da38f02f67334b7a,
        type: 3}
      propertyPath: m_LocalEulerAnglesHint.y
      value: 0
      objectReference: {fileID: 0}
    - target: {fileID: 3255728006808415643, guid: f26b678b4180ea44da38f02f67334b7a,
        type: 3}
      propertyPath: m_LocalEulerAnglesHint.z
      value: 0
      objectReference: {fileID: 0}
    - target: {fileID: 3255728006808415643, guid: f26b678b4180ea44da38f02f67334b7a,
        type: 3}
      propertyPath: m_AnchoredPosition.x
      value: 185
      objectReference: {fileID: 0}
    - target: {fileID: 3255728006808415643, guid: f26b678b4180ea44da38f02f67334b7a,
        type: 3}
      propertyPath: m_AnchoredPosition.y
      value: -115
      objectReference: {fileID: 0}
    - target: {fileID: 3255728006808415643, guid: f26b678b4180ea44da38f02f67334b7a,
        type: 3}
      propertyPath: m_SizeDelta.x
      value: 60
      objectReference: {fileID: 0}
    - target: {fileID: 3255728006808415643, guid: f26b678b4180ea44da38f02f67334b7a,
        type: 3}
      propertyPath: m_SizeDelta.y
      value: 60
      objectReference: {fileID: 0}
    - target: {fileID: 3255728006808415643, guid: f26b678b4180ea44da38f02f67334b7a,
        type: 3}
      propertyPath: m_AnchorMin.x
      value: 0
      objectReference: {fileID: 0}
    - target: {fileID: 3255728006808415643, guid: f26b678b4180ea44da38f02f67334b7a,
        type: 3}
      propertyPath: m_AnchorMin.y
      value: 1
      objectReference: {fileID: 0}
    - target: {fileID: 3255728006808415643, guid: f26b678b4180ea44da38f02f67334b7a,
        type: 3}
      propertyPath: m_AnchorMax.x
      value: 0
      objectReference: {fileID: 0}
    - target: {fileID: 3255728006808415643, guid: f26b678b4180ea44da38f02f67334b7a,
        type: 3}
      propertyPath: m_AnchorMax.y
      value: 1
      objectReference: {fileID: 0}
    - target: {fileID: 3255728006808415643, guid: f26b678b4180ea44da38f02f67334b7a,
        type: 3}
      propertyPath: m_Pivot.x
      value: 0.5
      objectReference: {fileID: 0}
    - target: {fileID: 3255728006808415643, guid: f26b678b4180ea44da38f02f67334b7a,
        type: 3}
      propertyPath: m_Pivot.y
      value: 0.5
      objectReference: {fileID: 0}
    m_RemovedComponents: []
  m_SourcePrefab: {fileID: 100100000, guid: f26b678b4180ea44da38f02f67334b7a, type: 3}
--- !u!224 &7519028956572165867 stripped
RectTransform:
  m_CorrespondingSourceObject: {fileID: 3255728006808415643, guid: f26b678b4180ea44da38f02f67334b7a,
    type: 3}
  m_PrefabInstance: {fileID: 5005293180951137136}
  m_PrefabAsset: {fileID: 0}
--- !u!1001 &7519028956627483627
PrefabInstance:
  m_ObjectHideFlags: 0
  serializedVersion: 2
  m_Modification:
    m_TransformParent: {fileID: 8274458845982487888}
    m_Modifications:
    - target: {fileID: 3255728006808415642, guid: f26b678b4180ea44da38f02f67334b7a,
        type: 3}
      propertyPath: m_Name
      value: InventorySlot
      objectReference: {fileID: 0}
    - target: {fileID: 3255728006808415643, guid: f26b678b4180ea44da38f02f67334b7a,
        type: 3}
      propertyPath: m_LocalPosition.x
      value: 0
      objectReference: {fileID: 0}
    - target: {fileID: 3255728006808415643, guid: f26b678b4180ea44da38f02f67334b7a,
        type: 3}
      propertyPath: m_LocalPosition.y
      value: 0
      objectReference: {fileID: 0}
    - target: {fileID: 3255728006808415643, guid: f26b678b4180ea44da38f02f67334b7a,
        type: 3}
      propertyPath: m_LocalPosition.z
      value: 0
      objectReference: {fileID: 0}
    - target: {fileID: 3255728006808415643, guid: f26b678b4180ea44da38f02f67334b7a,
        type: 3}
      propertyPath: m_LocalRotation.x
      value: 0
      objectReference: {fileID: 0}
    - target: {fileID: 3255728006808415643, guid: f26b678b4180ea44da38f02f67334b7a,
        type: 3}
      propertyPath: m_LocalRotation.y
      value: 0
      objectReference: {fileID: 0}
    - target: {fileID: 3255728006808415643, guid: f26b678b4180ea44da38f02f67334b7a,
        type: 3}
      propertyPath: m_LocalRotation.z
      value: 0
      objectReference: {fileID: 0}
    - target: {fileID: 3255728006808415643, guid: f26b678b4180ea44da38f02f67334b7a,
        type: 3}
      propertyPath: m_LocalRotation.w
      value: 1
      objectReference: {fileID: 0}
    - target: {fileID: 3255728006808415643, guid: f26b678b4180ea44da38f02f67334b7a,
        type: 3}
      propertyPath: m_RootOrder
      value: 0
      objectReference: {fileID: 0}
    - target: {fileID: 3255728006808415643, guid: f26b678b4180ea44da38f02f67334b7a,
        type: 3}
      propertyPath: m_LocalEulerAnglesHint.x
      value: 0
      objectReference: {fileID: 0}
    - target: {fileID: 3255728006808415643, guid: f26b678b4180ea44da38f02f67334b7a,
        type: 3}
      propertyPath: m_LocalEulerAnglesHint.y
      value: 0
      objectReference: {fileID: 0}
    - target: {fileID: 3255728006808415643, guid: f26b678b4180ea44da38f02f67334b7a,
        type: 3}
      propertyPath: m_LocalEulerAnglesHint.z
      value: 0
      objectReference: {fileID: 0}
    - target: {fileID: 3255728006808415643, guid: f26b678b4180ea44da38f02f67334b7a,
        type: 3}
      propertyPath: m_AnchoredPosition.x
      value: 45
      objectReference: {fileID: 0}
    - target: {fileID: 3255728006808415643, guid: f26b678b4180ea44da38f02f67334b7a,
        type: 3}
      propertyPath: m_AnchoredPosition.y
      value: -45
      objectReference: {fileID: 0}
    - target: {fileID: 3255728006808415643, guid: f26b678b4180ea44da38f02f67334b7a,
        type: 3}
      propertyPath: m_SizeDelta.x
      value: 60
      objectReference: {fileID: 0}
    - target: {fileID: 3255728006808415643, guid: f26b678b4180ea44da38f02f67334b7a,
        type: 3}
      propertyPath: m_SizeDelta.y
      value: 60
      objectReference: {fileID: 0}
    - target: {fileID: 3255728006808415643, guid: f26b678b4180ea44da38f02f67334b7a,
        type: 3}
      propertyPath: m_AnchorMin.x
      value: 0
      objectReference: {fileID: 0}
    - target: {fileID: 3255728006808415643, guid: f26b678b4180ea44da38f02f67334b7a,
        type: 3}
      propertyPath: m_AnchorMin.y
      value: 1
      objectReference: {fileID: 0}
    - target: {fileID: 3255728006808415643, guid: f26b678b4180ea44da38f02f67334b7a,
        type: 3}
      propertyPath: m_AnchorMax.x
      value: 0
      objectReference: {fileID: 0}
    - target: {fileID: 3255728006808415643, guid: f26b678b4180ea44da38f02f67334b7a,
        type: 3}
      propertyPath: m_AnchorMax.y
      value: 1
      objectReference: {fileID: 0}
    - target: {fileID: 3255728006808415643, guid: f26b678b4180ea44da38f02f67334b7a,
        type: 3}
      propertyPath: m_Pivot.x
      value: 0.5
      objectReference: {fileID: 0}
    - target: {fileID: 3255728006808415643, guid: f26b678b4180ea44da38f02f67334b7a,
        type: 3}
      propertyPath: m_Pivot.y
      value: 0.5
      objectReference: {fileID: 0}
    m_RemovedComponents: []
  m_SourcePrefab: {fileID: 100100000, guid: f26b678b4180ea44da38f02f67334b7a, type: 3}
--- !u!224 &5005293180907886192 stripped
RectTransform:
  m_CorrespondingSourceObject: {fileID: 3255728006808415643, guid: f26b678b4180ea44da38f02f67334b7a,
    type: 3}
  m_PrefabInstance: {fileID: 7519028956627483627}
  m_PrefabAsset: {fileID: 0}
