%YAML 1.1
%TAG !u! tag:unity3d.com,2011:
--- !u!1 &4462035622131851193
GameObject:
  m_ObjectHideFlags: 0
  m_CorrespondingSourceObject: {fileID: 0}
  m_PrefabInstance: {fileID: 0}
  m_PrefabAsset: {fileID: 0}
  serializedVersion: 6
  m_Component:
  - component: {fileID: 8467573862948287976}
  m_Layer: 0
  m_Name: Mid_Wall (2)
  m_TagString: Untagged
  m_Icon: {fileID: 0}
  m_NavMeshLayer: 0
  m_StaticEditorFlags: 0
  m_IsActive: 1
--- !u!4 &8467573862948287976
Transform:
  m_ObjectHideFlags: 0
  m_CorrespondingSourceObject: {fileID: 0}
  m_PrefabInstance: {fileID: 0}
  m_PrefabAsset: {fileID: 0}
  m_GameObject: {fileID: 4462035622131851193}
  m_LocalRotation: {x: 0, y: 0, z: 0, w: 1}
  m_LocalPosition: {x: 0, y: 0, z: 18}
  m_LocalScale: {x: 1, y: 1, z: 1}
  m_Children:
  - {fileID: 4680923515605662973}
  - {fileID: 4699433774339067211}
  - {fileID: 3549486184682231096}
  m_Father: {fileID: 8252348983149987222}
  m_RootOrder: 5
  m_LocalEulerAnglesHint: {x: 0, y: 0, z: 0}
--- !u!1 &7923868288983668009
GameObject:
  m_ObjectHideFlags: 0
  m_CorrespondingSourceObject: {fileID: 0}
  m_PrefabInstance: {fileID: 0}
  m_PrefabAsset: {fileID: 0}
  serializedVersion: 6
  m_Component:
  - component: {fileID: 1177612824704256520}
  m_Layer: 0
  m_Name: Mid_Wall (3)
  m_TagString: Untagged
  m_Icon: {fileID: 0}
  m_NavMeshLayer: 0
  m_StaticEditorFlags: 0
  m_IsActive: 1
--- !u!4 &1177612824704256520
Transform:
  m_ObjectHideFlags: 0
  m_CorrespondingSourceObject: {fileID: 0}
  m_PrefabInstance: {fileID: 0}
  m_PrefabAsset: {fileID: 0}
  m_GameObject: {fileID: 7923868288983668009}
  m_LocalRotation: {x: 0, y: 0, z: 0, w: 1}
  m_LocalPosition: {x: 8.5, y: 0, z: 18}
  m_LocalScale: {x: 1, y: 1, z: 1}
  m_Children:
  - {fileID: 6623140530312598275}
  - {fileID: 3433350988912883657}
  - {fileID: 760594550474585335}
  m_Father: {fileID: 8252348983149987222}
  m_RootOrder: 6
  m_LocalEulerAnglesHint: {x: 0, y: 0, z: 0}
--- !u!1 &8252348983149987223
GameObject:
  m_ObjectHideFlags: 0
  m_CorrespondingSourceObject: {fileID: 0}
  m_PrefabInstance: {fileID: 0}
  m_PrefabAsset: {fileID: 0}
  serializedVersion: 6
  m_Component:
  - component: {fileID: 8252348983149987222}
  m_Layer: 0
  m_Name: Room_Entry
  m_TagString: Untagged
  m_Icon: {fileID: 0}
  m_NavMeshLayer: 0
  m_StaticEditorFlags: 0
  m_IsActive: 1
--- !u!4 &8252348983149987222
Transform:
  m_ObjectHideFlags: 0
  m_CorrespondingSourceObject: {fileID: 0}
  m_PrefabInstance: {fileID: 0}
  m_PrefabAsset: {fileID: 0}
  m_GameObject: {fileID: 8252348983149987223}
  m_LocalRotation: {x: -0, y: -0, z: -0, w: 1}
  m_LocalPosition: {x: 0, y: 0, z: 0}
  m_LocalScale: {x: 1, y: 1, z: 1}
  m_Children:
  - {fileID: 2324440607437081962}
  - {fileID: 2324440608045520852}
  - {fileID: 2324440607272535063}
  - {fileID: 5144037222121779437}
  - {fileID: 9161940095502851631}
  - {fileID: 8467573862948287976}
  - {fileID: 1177612824704256520}
  m_Father: {fileID: 0}
  m_RootOrder: 0
  m_LocalEulerAnglesHint: {x: 0, y: 0, z: 0}
--- !u!1 &8745047452740233608
GameObject:
  m_ObjectHideFlags: 0
  m_CorrespondingSourceObject: {fileID: 0}
  m_PrefabInstance: {fileID: 0}
  m_PrefabAsset: {fileID: 0}
  serializedVersion: 6
  m_Component:
  - component: {fileID: 9161940095502851631}
  m_Layer: 0
  m_Name: Mid_Wall (1)
  m_TagString: Untagged
  m_Icon: {fileID: 0}
  m_NavMeshLayer: 0
  m_StaticEditorFlags: 0
  m_IsActive: 1
--- !u!4 &9161940095502851631
Transform:
  m_ObjectHideFlags: 0
  m_CorrespondingSourceObject: {fileID: 0}
  m_PrefabInstance: {fileID: 0}
  m_PrefabAsset: {fileID: 0}
  m_GameObject: {fileID: 8745047452740233608}
  m_LocalRotation: {x: 0, y: 0, z: 0, w: 1}
  m_LocalPosition: {x: 8.5, y: 0, z: 0}
  m_LocalScale: {x: 1, y: 1, z: 1}
  m_Children:
  - {fileID: 1026047428703017294}
  - {fileID: 3694076446965188627}
  - {fileID: 2041873098711058422}
  m_Father: {fileID: 8252348983149987222}
  m_RootOrder: 4
  m_LocalEulerAnglesHint: {x: 0, y: 0, z: 0}
--- !u!1001 &940448374126154415
PrefabInstance:
  m_ObjectHideFlags: 0
  serializedVersion: 2
  m_Modification:
    m_TransformParent: {fileID: 1177612824704256520}
    m_Modifications:
    - target: {fileID: 2497406903890568550, guid: 7ba64c0944716c24f911914e2e6af7a4,
        type: 3}
      propertyPath: m_LocalPosition.x
      value: 0.25
      objectReference: {fileID: 0}
    - target: {fileID: 2497406903890568550, guid: 7ba64c0944716c24f911914e2e6af7a4,
        type: 3}
      propertyPath: m_LocalPosition.y
      value: 0
      objectReference: {fileID: 0}
    - target: {fileID: 2497406903890568550, guid: 7ba64c0944716c24f911914e2e6af7a4,
        type: 3}
      propertyPath: m_LocalPosition.z
      value: -6
      objectReference: {fileID: 0}
    - target: {fileID: 2497406903890568550, guid: 7ba64c0944716c24f911914e2e6af7a4,
        type: 3}
      propertyPath: m_LocalRotation.x
      value: -0
      objectReference: {fileID: 0}
    - target: {fileID: 2497406903890568550, guid: 7ba64c0944716c24f911914e2e6af7a4,
        type: 3}
      propertyPath: m_LocalRotation.y
      value: -0
      objectReference: {fileID: 0}
    - target: {fileID: 2497406903890568550, guid: 7ba64c0944716c24f911914e2e6af7a4,
        type: 3}
      propertyPath: m_LocalRotation.z
      value: -0
      objectReference: {fileID: 0}
    - target: {fileID: 2497406903890568550, guid: 7ba64c0944716c24f911914e2e6af7a4,
        type: 3}
      propertyPath: m_LocalRotation.w
      value: 1
      objectReference: {fileID: 0}
    - target: {fileID: 2497406903890568550, guid: 7ba64c0944716c24f911914e2e6af7a4,
        type: 3}
      propertyPath: m_RootOrder
      value: 1
      objectReference: {fileID: 0}
    - target: {fileID: 2497406903890568550, guid: 7ba64c0944716c24f911914e2e6af7a4,
        type: 3}
      propertyPath: m_LocalEulerAnglesHint.x
      value: 0
      objectReference: {fileID: 0}
    - target: {fileID: 2497406903890568550, guid: 7ba64c0944716c24f911914e2e6af7a4,
        type: 3}
      propertyPath: m_LocalEulerAnglesHint.y
      value: 0
      objectReference: {fileID: 0}
    - target: {fileID: 2497406903890568550, guid: 7ba64c0944716c24f911914e2e6af7a4,
        type: 3}
      propertyPath: m_LocalEulerAnglesHint.z
      value: 0
      objectReference: {fileID: 0}
    - target: {fileID: 4548416285556944926, guid: 7ba64c0944716c24f911914e2e6af7a4,
        type: 3}
      propertyPath: m_Name
      value: Wall_4m (1)
      objectReference: {fileID: 0}
    m_RemovedComponents: []
  m_SourcePrefab: {fileID: 100100000, guid: 7ba64c0944716c24f911914e2e6af7a4, type: 3}
--- !u!4 &3433350988912883657 stripped
Transform:
  m_CorrespondingSourceObject: {fileID: 2497406903890568550, guid: 7ba64c0944716c24f911914e2e6af7a4,
    type: 3}
  m_PrefabInstance: {fileID: 940448374126154415}
  m_PrefabAsset: {fileID: 0}
--- !u!1001 &1291245205176855925
PrefabInstance:
  m_ObjectHideFlags: 0
  serializedVersion: 2
  m_Modification:
    m_TransformParent: {fileID: 9161940095502851631}
    m_Modifications:
    - target: {fileID: 2497406903890568550, guid: 7ba64c0944716c24f911914e2e6af7a4,
        type: 3}
      propertyPath: m_LocalPosition.x
      value: 0.25
      objectReference: {fileID: 0}
    - target: {fileID: 2497406903890568550, guid: 7ba64c0944716c24f911914e2e6af7a4,
        type: 3}
      propertyPath: m_LocalPosition.y
      value: 0
      objectReference: {fileID: 0}
    - target: {fileID: 2497406903890568550, guid: 7ba64c0944716c24f911914e2e6af7a4,
        type: 3}
      propertyPath: m_LocalPosition.z
      value: -6
      objectReference: {fileID: 0}
    - target: {fileID: 2497406903890568550, guid: 7ba64c0944716c24f911914e2e6af7a4,
        type: 3}
      propertyPath: m_LocalRotation.x
      value: -0
      objectReference: {fileID: 0}
    - target: {fileID: 2497406903890568550, guid: 7ba64c0944716c24f911914e2e6af7a4,
        type: 3}
      propertyPath: m_LocalRotation.y
      value: -0
      objectReference: {fileID: 0}
    - target: {fileID: 2497406903890568550, guid: 7ba64c0944716c24f911914e2e6af7a4,
        type: 3}
      propertyPath: m_LocalRotation.z
      value: -0
      objectReference: {fileID: 0}
    - target: {fileID: 2497406903890568550, guid: 7ba64c0944716c24f911914e2e6af7a4,
        type: 3}
      propertyPath: m_LocalRotation.w
      value: 1
      objectReference: {fileID: 0}
    - target: {fileID: 2497406903890568550, guid: 7ba64c0944716c24f911914e2e6af7a4,
        type: 3}
      propertyPath: m_RootOrder
      value: 1
      objectReference: {fileID: 0}
    - target: {fileID: 2497406903890568550, guid: 7ba64c0944716c24f911914e2e6af7a4,
        type: 3}
      propertyPath: m_LocalEulerAnglesHint.x
      value: 0
      objectReference: {fileID: 0}
    - target: {fileID: 2497406903890568550, guid: 7ba64c0944716c24f911914e2e6af7a4,
        type: 3}
      propertyPath: m_LocalEulerAnglesHint.y
      value: 0
      objectReference: {fileID: 0}
    - target: {fileID: 2497406903890568550, guid: 7ba64c0944716c24f911914e2e6af7a4,
        type: 3}
      propertyPath: m_LocalEulerAnglesHint.z
      value: 0
      objectReference: {fileID: 0}
    - target: {fileID: 4548416285556944926, guid: 7ba64c0944716c24f911914e2e6af7a4,
        type: 3}
      propertyPath: m_Name
      value: Wall_4m (1)
      objectReference: {fileID: 0}
    m_RemovedComponents: []
  m_SourcePrefab: {fileID: 100100000, guid: 7ba64c0944716c24f911914e2e6af7a4, type: 3}
--- !u!4 &3694076446965188627 stripped
Transform:
  m_CorrespondingSourceObject: {fileID: 2497406903890568550, guid: 7ba64c0944716c24f911914e2e6af7a4,
    type: 3}
  m_PrefabInstance: {fileID: 1291245205176855925}
  m_PrefabAsset: {fileID: 0}
--- !u!1001 &1435202122208866398
PrefabInstance:
  m_ObjectHideFlags: 0
  serializedVersion: 2
  m_Modification:
    m_TransformParent: {fileID: 8467573862948287976}
    m_Modifications:
    - target: {fileID: 2497406903890568550, guid: 7ba64c0944716c24f911914e2e6af7a4,
        type: 3}
      propertyPath: m_LocalPosition.x
      value: 0.25
      objectReference: {fileID: 0}
    - target: {fileID: 2497406903890568550, guid: 7ba64c0944716c24f911914e2e6af7a4,
        type: 3}
      propertyPath: m_LocalPosition.y
      value: 0
      objectReference: {fileID: 0}
    - target: {fileID: 2497406903890568550, guid: 7ba64c0944716c24f911914e2e6af7a4,
        type: 3}
      propertyPath: m_LocalPosition.z
      value: -9
      objectReference: {fileID: 0}
    - target: {fileID: 2497406903890568550, guid: 7ba64c0944716c24f911914e2e6af7a4,
        type: 3}
      propertyPath: m_LocalRotation.x
      value: -0
      objectReference: {fileID: 0}
    - target: {fileID: 2497406903890568550, guid: 7ba64c0944716c24f911914e2e6af7a4,
        type: 3}
      propertyPath: m_LocalRotation.y
      value: -0
      objectReference: {fileID: 0}
    - target: {fileID: 2497406903890568550, guid: 7ba64c0944716c24f911914e2e6af7a4,
        type: 3}
      propertyPath: m_LocalRotation.z
      value: -0
      objectReference: {fileID: 0}
    - target: {fileID: 2497406903890568550, guid: 7ba64c0944716c24f911914e2e6af7a4,
        type: 3}
      propertyPath: m_LocalRotation.w
      value: 1
      objectReference: {fileID: 0}
    - target: {fileID: 2497406903890568550, guid: 7ba64c0944716c24f911914e2e6af7a4,
        type: 3}
      propertyPath: m_RootOrder
      value: 2
      objectReference: {fileID: 0}
    - target: {fileID: 2497406903890568550, guid: 7ba64c0944716c24f911914e2e6af7a4,
        type: 3}
      propertyPath: m_LocalEulerAnglesHint.x
      value: 0
      objectReference: {fileID: 0}
    - target: {fileID: 2497406903890568550, guid: 7ba64c0944716c24f911914e2e6af7a4,
        type: 3}
      propertyPath: m_LocalEulerAnglesHint.y
      value: 0
      objectReference: {fileID: 0}
    - target: {fileID: 2497406903890568550, guid: 7ba64c0944716c24f911914e2e6af7a4,
        type: 3}
      propertyPath: m_LocalEulerAnglesHint.z
      value: 0
      objectReference: {fileID: 0}
    - target: {fileID: 4548416285556944926, guid: 7ba64c0944716c24f911914e2e6af7a4,
        type: 3}
      propertyPath: m_Name
      value: Wall_4m (2)
      objectReference: {fileID: 0}
    m_RemovedComponents: []
  m_SourcePrefab: {fileID: 100100000, guid: 7ba64c0944716c24f911914e2e6af7a4, type: 3}
--- !u!4 &3549486184682231096 stripped
Transform:
  m_CorrespondingSourceObject: {fileID: 2497406903890568550, guid: 7ba64c0944716c24f911914e2e6af7a4,
    type: 3}
  m_PrefabInstance: {fileID: 1435202122208866398}
  m_PrefabAsset: {fileID: 0}
--- !u!1001 &2893209741539135889
PrefabInstance:
  m_ObjectHideFlags: 0
  serializedVersion: 2
  m_Modification:
    m_TransformParent: {fileID: 1177612824704256520}
    m_Modifications:
    - target: {fileID: 2497406903890568550, guid: 7ba64c0944716c24f911914e2e6af7a4,
        type: 3}
      propertyPath: m_LocalPosition.x
      value: 0.25
      objectReference: {fileID: 0}
    - target: {fileID: 2497406903890568550, guid: 7ba64c0944716c24f911914e2e6af7a4,
        type: 3}
      propertyPath: m_LocalPosition.y
      value: 0
      objectReference: {fileID: 0}
    - target: {fileID: 2497406903890568550, guid: 7ba64c0944716c24f911914e2e6af7a4,
        type: 3}
      propertyPath: m_LocalPosition.z
      value: -9
      objectReference: {fileID: 0}
    - target: {fileID: 2497406903890568550, guid: 7ba64c0944716c24f911914e2e6af7a4,
        type: 3}
      propertyPath: m_LocalRotation.x
      value: -0
      objectReference: {fileID: 0}
    - target: {fileID: 2497406903890568550, guid: 7ba64c0944716c24f911914e2e6af7a4,
        type: 3}
      propertyPath: m_LocalRotation.y
      value: -0
      objectReference: {fileID: 0}
    - target: {fileID: 2497406903890568550, guid: 7ba64c0944716c24f911914e2e6af7a4,
        type: 3}
      propertyPath: m_LocalRotation.z
      value: -0
      objectReference: {fileID: 0}
    - target: {fileID: 2497406903890568550, guid: 7ba64c0944716c24f911914e2e6af7a4,
        type: 3}
      propertyPath: m_LocalRotation.w
      value: 1
      objectReference: {fileID: 0}
    - target: {fileID: 2497406903890568550, guid: 7ba64c0944716c24f911914e2e6af7a4,
        type: 3}
      propertyPath: m_RootOrder
      value: 2
      objectReference: {fileID: 0}
    - target: {fileID: 2497406903890568550, guid: 7ba64c0944716c24f911914e2e6af7a4,
        type: 3}
      propertyPath: m_LocalEulerAnglesHint.x
      value: 0
      objectReference: {fileID: 0}
    - target: {fileID: 2497406903890568550, guid: 7ba64c0944716c24f911914e2e6af7a4,
        type: 3}
      propertyPath: m_LocalEulerAnglesHint.y
      value: 0
      objectReference: {fileID: 0}
    - target: {fileID: 2497406903890568550, guid: 7ba64c0944716c24f911914e2e6af7a4,
        type: 3}
      propertyPath: m_LocalEulerAnglesHint.z
      value: 0
      objectReference: {fileID: 0}
    - target: {fileID: 4548416285556944926, guid: 7ba64c0944716c24f911914e2e6af7a4,
        type: 3}
      propertyPath: m_Name
      value: Wall_4m (2)
      objectReference: {fileID: 0}
    m_RemovedComponents: []
  m_SourcePrefab: {fileID: 100100000, guid: 7ba64c0944716c24f911914e2e6af7a4, type: 3}
--- !u!4 &760594550474585335 stripped
Transform:
  m_CorrespondingSourceObject: {fileID: 2497406903890568550, guid: 7ba64c0944716c24f911914e2e6af7a4,
    type: 3}
  m_PrefabInstance: {fileID: 2893209741539135889}
  m_PrefabAsset: {fileID: 0}
--- !u!1001 &3212705819590835240
PrefabInstance:
  m_ObjectHideFlags: 0
  serializedVersion: 2
  m_Modification:
    m_TransformParent: {fileID: 9161940095502851631}
    m_Modifications:
    - target: {fileID: 2497406903890568550, guid: 7ba64c0944716c24f911914e2e6af7a4,
        type: 3}
      propertyPath: m_LocalPosition.x
      value: 0.25
      objectReference: {fileID: 0}
    - target: {fileID: 2497406903890568550, guid: 7ba64c0944716c24f911914e2e6af7a4,
        type: 3}
      propertyPath: m_LocalPosition.y
      value: 0
      objectReference: {fileID: 0}
    - target: {fileID: 2497406903890568550, guid: 7ba64c0944716c24f911914e2e6af7a4,
        type: 3}
      propertyPath: m_LocalPosition.z
      value: -3
      objectReference: {fileID: 0}
    - target: {fileID: 2497406903890568550, guid: 7ba64c0944716c24f911914e2e6af7a4,
        type: 3}
      propertyPath: m_LocalRotation.x
      value: -0
      objectReference: {fileID: 0}
    - target: {fileID: 2497406903890568550, guid: 7ba64c0944716c24f911914e2e6af7a4,
        type: 3}
      propertyPath: m_LocalRotation.y
      value: -0
      objectReference: {fileID: 0}
    - target: {fileID: 2497406903890568550, guid: 7ba64c0944716c24f911914e2e6af7a4,
        type: 3}
      propertyPath: m_LocalRotation.z
      value: -0
      objectReference: {fileID: 0}
    - target: {fileID: 2497406903890568550, guid: 7ba64c0944716c24f911914e2e6af7a4,
        type: 3}
      propertyPath: m_LocalRotation.w
      value: 1
      objectReference: {fileID: 0}
    - target: {fileID: 2497406903890568550, guid: 7ba64c0944716c24f911914e2e6af7a4,
        type: 3}
      propertyPath: m_RootOrder
      value: 0
      objectReference: {fileID: 0}
    - target: {fileID: 2497406903890568550, guid: 7ba64c0944716c24f911914e2e6af7a4,
        type: 3}
      propertyPath: m_LocalEulerAnglesHint.x
      value: 0
      objectReference: {fileID: 0}
    - target: {fileID: 2497406903890568550, guid: 7ba64c0944716c24f911914e2e6af7a4,
        type: 3}
      propertyPath: m_LocalEulerAnglesHint.y
      value: 0
      objectReference: {fileID: 0}
    - target: {fileID: 2497406903890568550, guid: 7ba64c0944716c24f911914e2e6af7a4,
        type: 3}
      propertyPath: m_LocalEulerAnglesHint.z
      value: 0
      objectReference: {fileID: 0}
    - target: {fileID: 4548416285556944926, guid: 7ba64c0944716c24f911914e2e6af7a4,
        type: 3}
      propertyPath: m_Name
      value: Wall_4m
      objectReference: {fileID: 0}
    m_RemovedComponents: []
  m_SourcePrefab: {fileID: 100100000, guid: 7ba64c0944716c24f911914e2e6af7a4, type: 3}
--- !u!4 &1026047428703017294 stripped
Transform:
  m_CorrespondingSourceObject: {fileID: 2497406903890568550, guid: 7ba64c0944716c24f911914e2e6af7a4,
    type: 3}
  m_PrefabInstance: {fileID: 3212705819590835240}
  m_PrefabAsset: {fileID: 0}
--- !u!1001 &3802472197715200357
PrefabInstance:
  m_ObjectHideFlags: 0
  serializedVersion: 2
  m_Modification:
    m_TransformParent: {fileID: 8252348983149987222}
    m_Modifications:
    - target: {fileID: 301871802312906344, guid: 6e3a2c848a93be345aa0d99d2cf8bf10,
        type: 3}
      propertyPath: m_Name
      value: Mid_Wall
      objectReference: {fileID: 0}
    - target: {fileID: 8333439180028361096, guid: 6e3a2c848a93be345aa0d99d2cf8bf10,
        type: 3}
      propertyPath: m_LocalPosition.x
      value: 0
      objectReference: {fileID: 0}
    - target: {fileID: 8333439180028361096, guid: 6e3a2c848a93be345aa0d99d2cf8bf10,
        type: 3}
      propertyPath: m_LocalPosition.y
      value: 0
      objectReference: {fileID: 0}
    - target: {fileID: 8333439180028361096, guid: 6e3a2c848a93be345aa0d99d2cf8bf10,
        type: 3}
      propertyPath: m_LocalPosition.z
      value: 0
      objectReference: {fileID: 0}
    - target: {fileID: 8333439180028361096, guid: 6e3a2c848a93be345aa0d99d2cf8bf10,
        type: 3}
      propertyPath: m_LocalRotation.x
      value: 0
      objectReference: {fileID: 0}
    - target: {fileID: 8333439180028361096, guid: 6e3a2c848a93be345aa0d99d2cf8bf10,
        type: 3}
      propertyPath: m_LocalRotation.y
      value: 0
      objectReference: {fileID: 0}
    - target: {fileID: 8333439180028361096, guid: 6e3a2c848a93be345aa0d99d2cf8bf10,
        type: 3}
      propertyPath: m_LocalRotation.z
      value: 0
      objectReference: {fileID: 0}
    - target: {fileID: 8333439180028361096, guid: 6e3a2c848a93be345aa0d99d2cf8bf10,
        type: 3}
      propertyPath: m_LocalRotation.w
      value: 1
      objectReference: {fileID: 0}
    - target: {fileID: 8333439180028361096, guid: 6e3a2c848a93be345aa0d99d2cf8bf10,
        type: 3}
      propertyPath: m_RootOrder
      value: 3
      objectReference: {fileID: 0}
    - target: {fileID: 8333439180028361096, guid: 6e3a2c848a93be345aa0d99d2cf8bf10,
        type: 3}
      propertyPath: m_LocalEulerAnglesHint.x
      value: 0
      objectReference: {fileID: 0}
    - target: {fileID: 8333439180028361096, guid: 6e3a2c848a93be345aa0d99d2cf8bf10,
        type: 3}
      propertyPath: m_LocalEulerAnglesHint.y
      value: 0
      objectReference: {fileID: 0}
    - target: {fileID: 8333439180028361096, guid: 6e3a2c848a93be345aa0d99d2cf8bf10,
        type: 3}
      propertyPath: m_LocalEulerAnglesHint.z
      value: 0
      objectReference: {fileID: 0}
    m_RemovedComponents: []
  m_SourcePrefab: {fileID: 100100000, guid: 6e3a2c848a93be345aa0d99d2cf8bf10, type: 3}
--- !u!4 &5144037222121779437 stripped
Transform:
  m_CorrespondingSourceObject: {fileID: 8333439180028361096, guid: 6e3a2c848a93be345aa0d99d2cf8bf10,
    type: 3}
  m_PrefabInstance: {fileID: 3802472197715200357}
  m_PrefabAsset: {fileID: 0}
--- !u!1001 &4539244261896888976
PrefabInstance:
  m_ObjectHideFlags: 0
  serializedVersion: 2
  m_Modification:
    m_TransformParent: {fileID: 9161940095502851631}
    m_Modifications:
    - target: {fileID: 2497406903890568550, guid: 7ba64c0944716c24f911914e2e6af7a4,
        type: 3}
      propertyPath: m_LocalPosition.x
      value: 0.25
      objectReference: {fileID: 0}
    - target: {fileID: 2497406903890568550, guid: 7ba64c0944716c24f911914e2e6af7a4,
        type: 3}
      propertyPath: m_LocalPosition.y
      value: 0
      objectReference: {fileID: 0}
    - target: {fileID: 2497406903890568550, guid: 7ba64c0944716c24f911914e2e6af7a4,
        type: 3}
      propertyPath: m_LocalPosition.z
      value: -9
      objectReference: {fileID: 0}
    - target: {fileID: 2497406903890568550, guid: 7ba64c0944716c24f911914e2e6af7a4,
        type: 3}
      propertyPath: m_LocalRotation.x
      value: -0
      objectReference: {fileID: 0}
    - target: {fileID: 2497406903890568550, guid: 7ba64c0944716c24f911914e2e6af7a4,
        type: 3}
      propertyPath: m_LocalRotation.y
      value: -0
      objectReference: {fileID: 0}
    - target: {fileID: 2497406903890568550, guid: 7ba64c0944716c24f911914e2e6af7a4,
        type: 3}
      propertyPath: m_LocalRotation.z
      value: -0
      objectReference: {fileID: 0}
    - target: {fileID: 2497406903890568550, guid: 7ba64c0944716c24f911914e2e6af7a4,
        type: 3}
      propertyPath: m_LocalRotation.w
      value: 1
      objectReference: {fileID: 0}
    - target: {fileID: 2497406903890568550, guid: 7ba64c0944716c24f911914e2e6af7a4,
        type: 3}
      propertyPath: m_RootOrder
      value: 2
      objectReference: {fileID: 0}
    - target: {fileID: 2497406903890568550, guid: 7ba64c0944716c24f911914e2e6af7a4,
        type: 3}
      propertyPath: m_LocalEulerAnglesHint.x
      value: 0
      objectReference: {fileID: 0}
    - target: {fileID: 2497406903890568550, guid: 7ba64c0944716c24f911914e2e6af7a4,
        type: 3}
      propertyPath: m_LocalEulerAnglesHint.y
      value: 0
      objectReference: {fileID: 0}
    - target: {fileID: 2497406903890568550, guid: 7ba64c0944716c24f911914e2e6af7a4,
        type: 3}
      propertyPath: m_LocalEulerAnglesHint.z
      value: 0
      objectReference: {fileID: 0}
    - target: {fileID: 4548416285556944926, guid: 7ba64c0944716c24f911914e2e6af7a4,
        type: 3}
      propertyPath: m_Name
      value: Wall_4m (2)
      objectReference: {fileID: 0}
    m_RemovedComponents: []
  m_SourcePrefab: {fileID: 100100000, guid: 7ba64c0944716c24f911914e2e6af7a4, type: 3}
--- !u!4 &2041873098711058422 stripped
Transform:
  m_CorrespondingSourceObject: {fileID: 2497406903890568550, guid: 7ba64c0944716c24f911914e2e6af7a4,
    type: 3}
  m_PrefabInstance: {fileID: 4539244261896888976}
  m_PrefabAsset: {fileID: 0}
--- !u!1001 &7087937369553492379
PrefabInstance:
  m_ObjectHideFlags: 0
  serializedVersion: 2
  m_Modification:
    m_TransformParent: {fileID: 8467573862948287976}
    m_Modifications:
    - target: {fileID: 2497406903890568550, guid: 7ba64c0944716c24f911914e2e6af7a4,
        type: 3}
      propertyPath: m_LocalPosition.x
      value: 0.25
      objectReference: {fileID: 0}
    - target: {fileID: 2497406903890568550, guid: 7ba64c0944716c24f911914e2e6af7a4,
        type: 3}
      propertyPath: m_LocalPosition.y
      value: 0
      objectReference: {fileID: 0}
    - target: {fileID: 2497406903890568550, guid: 7ba64c0944716c24f911914e2e6af7a4,
        type: 3}
      propertyPath: m_LocalPosition.z
      value: -3
      objectReference: {fileID: 0}
    - target: {fileID: 2497406903890568550, guid: 7ba64c0944716c24f911914e2e6af7a4,
        type: 3}
      propertyPath: m_LocalRotation.x
      value: -0
      objectReference: {fileID: 0}
    - target: {fileID: 2497406903890568550, guid: 7ba64c0944716c24f911914e2e6af7a4,
        type: 3}
      propertyPath: m_LocalRotation.y
      value: -0
      objectReference: {fileID: 0}
    - target: {fileID: 2497406903890568550, guid: 7ba64c0944716c24f911914e2e6af7a4,
        type: 3}
      propertyPath: m_LocalRotation.z
      value: -0
      objectReference: {fileID: 0}
    - target: {fileID: 2497406903890568550, guid: 7ba64c0944716c24f911914e2e6af7a4,
        type: 3}
      propertyPath: m_LocalRotation.w
      value: 1
      objectReference: {fileID: 0}
    - target: {fileID: 2497406903890568550, guid: 7ba64c0944716c24f911914e2e6af7a4,
        type: 3}
      propertyPath: m_RootOrder
      value: 0
      objectReference: {fileID: 0}
    - target: {fileID: 2497406903890568550, guid: 7ba64c0944716c24f911914e2e6af7a4,
        type: 3}
      propertyPath: m_LocalEulerAnglesHint.x
      value: 0
      objectReference: {fileID: 0}
    - target: {fileID: 2497406903890568550, guid: 7ba64c0944716c24f911914e2e6af7a4,
        type: 3}
      propertyPath: m_LocalEulerAnglesHint.y
      value: 0
      objectReference: {fileID: 0}
    - target: {fileID: 2497406903890568550, guid: 7ba64c0944716c24f911914e2e6af7a4,
        type: 3}
      propertyPath: m_LocalEulerAnglesHint.z
      value: 0
      objectReference: {fileID: 0}
    - target: {fileID: 4548416285556944926, guid: 7ba64c0944716c24f911914e2e6af7a4,
        type: 3}
      propertyPath: m_Name
      value: Wall_4m
      objectReference: {fileID: 0}
    m_RemovedComponents: []
  m_SourcePrefab: {fileID: 100100000, guid: 7ba64c0944716c24f911914e2e6af7a4, type: 3}
--- !u!4 &4680923515605662973 stripped
Transform:
  m_CorrespondingSourceObject: {fileID: 2497406903890568550, guid: 7ba64c0944716c24f911914e2e6af7a4,
    type: 3}
  m_PrefabInstance: {fileID: 7087937369553492379}
  m_PrefabAsset: {fileID: 0}
--- !u!1001 &7178505012810967085
PrefabInstance:
  m_ObjectHideFlags: 0
  serializedVersion: 2
  m_Modification:
    m_TransformParent: {fileID: 8467573862948287976}
    m_Modifications:
    - target: {fileID: 2497406903890568550, guid: 7ba64c0944716c24f911914e2e6af7a4,
        type: 3}
      propertyPath: m_LocalPosition.x
      value: 0.25
      objectReference: {fileID: 0}
    - target: {fileID: 2497406903890568550, guid: 7ba64c0944716c24f911914e2e6af7a4,
        type: 3}
      propertyPath: m_LocalPosition.y
      value: 0
      objectReference: {fileID: 0}
    - target: {fileID: 2497406903890568550, guid: 7ba64c0944716c24f911914e2e6af7a4,
        type: 3}
      propertyPath: m_LocalPosition.z
      value: -6
      objectReference: {fileID: 0}
    - target: {fileID: 2497406903890568550, guid: 7ba64c0944716c24f911914e2e6af7a4,
        type: 3}
      propertyPath: m_LocalRotation.x
      value: -0
      objectReference: {fileID: 0}
    - target: {fileID: 2497406903890568550, guid: 7ba64c0944716c24f911914e2e6af7a4,
        type: 3}
      propertyPath: m_LocalRotation.y
      value: -0
      objectReference: {fileID: 0}
    - target: {fileID: 2497406903890568550, guid: 7ba64c0944716c24f911914e2e6af7a4,
        type: 3}
      propertyPath: m_LocalRotation.z
      value: -0
      objectReference: {fileID: 0}
    - target: {fileID: 2497406903890568550, guid: 7ba64c0944716c24f911914e2e6af7a4,
        type: 3}
      propertyPath: m_LocalRotation.w
      value: 1
      objectReference: {fileID: 0}
    - target: {fileID: 2497406903890568550, guid: 7ba64c0944716c24f911914e2e6af7a4,
        type: 3}
      propertyPath: m_RootOrder
      value: 1
      objectReference: {fileID: 0}
    - target: {fileID: 2497406903890568550, guid: 7ba64c0944716c24f911914e2e6af7a4,
        type: 3}
      propertyPath: m_LocalEulerAnglesHint.x
      value: 0
      objectReference: {fileID: 0}
    - target: {fileID: 2497406903890568550, guid: 7ba64c0944716c24f911914e2e6af7a4,
        type: 3}
      propertyPath: m_LocalEulerAnglesHint.y
      value: 0
      objectReference: {fileID: 0}
    - target: {fileID: 2497406903890568550, guid: 7ba64c0944716c24f911914e2e6af7a4,
        type: 3}
      propertyPath: m_LocalEulerAnglesHint.z
      value: 0
      objectReference: {fileID: 0}
    - target: {fileID: 4548416285556944926, guid: 7ba64c0944716c24f911914e2e6af7a4,
        type: 3}
      propertyPath: m_Name
      value: Wall_4m (1)
      objectReference: {fileID: 0}
    m_RemovedComponents: []
  m_SourcePrefab: {fileID: 100100000, guid: 7ba64c0944716c24f911914e2e6af7a4, type: 3}
--- !u!4 &4699433774339067211 stripped
Transform:
  m_CorrespondingSourceObject: {fileID: 2497406903890568550, guid: 7ba64c0944716c24f911914e2e6af7a4,
    type: 3}
  m_PrefabInstance: {fileID: 7178505012810967085}
  m_PrefabAsset: {fileID: 0}
--- !u!1001 &8252348982368696770
PrefabInstance:
  m_ObjectHideFlags: 0
  serializedVersion: 2
  m_Modification:
    m_TransformParent: {fileID: 8252348983149987222}
    m_Modifications:
    - target: {fileID: 5963937743390997973, guid: d5920ec2e9589fa49af231931214586b,
        type: 3}
      propertyPath: m_LocalPosition.x
      value: 0
      objectReference: {fileID: 0}
    - target: {fileID: 5963937743390997973, guid: d5920ec2e9589fa49af231931214586b,
        type: 3}
      propertyPath: m_LocalPosition.y
      value: 0
      objectReference: {fileID: 0}
    - target: {fileID: 5963937743390997973, guid: d5920ec2e9589fa49af231931214586b,
        type: 3}
      propertyPath: m_LocalPosition.z
      value: -9
      objectReference: {fileID: 0}
    - target: {fileID: 5963937743390997973, guid: d5920ec2e9589fa49af231931214586b,
        type: 3}
      propertyPath: m_LocalRotation.x
      value: -0
      objectReference: {fileID: 0}
    - target: {fileID: 5963937743390997973, guid: d5920ec2e9589fa49af231931214586b,
        type: 3}
      propertyPath: m_LocalRotation.y
      value: -0
      objectReference: {fileID: 0}
    - target: {fileID: 5963937743390997973, guid: d5920ec2e9589fa49af231931214586b,
        type: 3}
      propertyPath: m_LocalRotation.z
      value: -0
      objectReference: {fileID: 0}
    - target: {fileID: 5963937743390997973, guid: d5920ec2e9589fa49af231931214586b,
        type: 3}
      propertyPath: m_LocalRotation.w
      value: 1
      objectReference: {fileID: 0}
    - target: {fileID: 5963937743390997973, guid: d5920ec2e9589fa49af231931214586b,
        type: 3}
      propertyPath: m_RootOrder
      value: 2
      objectReference: {fileID: 0}
    - target: {fileID: 5963937743390997973, guid: d5920ec2e9589fa49af231931214586b,
        type: 3}
      propertyPath: m_LocalEulerAnglesHint.x
      value: 0
      objectReference: {fileID: 0}
    - target: {fileID: 5963937743390997973, guid: d5920ec2e9589fa49af231931214586b,
        type: 3}
      propertyPath: m_LocalEulerAnglesHint.y
      value: 0
      objectReference: {fileID: 0}
    - target: {fileID: 5963937743390997973, guid: d5920ec2e9589fa49af231931214586b,
        type: 3}
      propertyPath: m_LocalEulerAnglesHint.z
      value: 0
      objectReference: {fileID: 0}
    - target: {fileID: 5963937743390997974, guid: d5920ec2e9589fa49af231931214586b,
        type: 3}
      propertyPath: m_Name
      value: Floor_3x3 (2)
      objectReference: {fileID: 0}
    - target: {fileID: 5963937743390997974, guid: d5920ec2e9589fa49af231931214586b,
        type: 3}
      propertyPath: m_IsActive
      value: 1
      objectReference: {fileID: 0}
    m_RemovedComponents: []
  m_SourcePrefab: {fileID: 100100000, guid: d5920ec2e9589fa49af231931214586b, type: 3}
--- !u!4 &2324440607272535063 stripped
Transform:
  m_CorrespondingSourceObject: {fileID: 5963937743390997973, guid: d5920ec2e9589fa49af231931214586b,
    type: 3}
  m_PrefabInstance: {fileID: 8252348982368696770}
  m_PrefabAsset: {fileID: 0}
--- !u!1001 &8252348982535827647
PrefabInstance:
  m_ObjectHideFlags: 0
  serializedVersion: 2
  m_Modification:
    m_TransformParent: {fileID: 8252348983149987222}
    m_Modifications:
    - target: {fileID: 5963937743390997973, guid: d5920ec2e9589fa49af231931214586b,
        type: 3}
      propertyPath: m_LocalPosition.x
      value: 0
      objectReference: {fileID: 0}
    - target: {fileID: 5963937743390997973, guid: d5920ec2e9589fa49af231931214586b,
        type: 3}
      propertyPath: m_LocalPosition.y
      value: 0
      objectReference: {fileID: 0}
    - target: {fileID: 5963937743390997973, guid: d5920ec2e9589fa49af231931214586b,
        type: 3}
      propertyPath: m_LocalPosition.z
      value: 0
      objectReference: {fileID: 0}
    - target: {fileID: 5963937743390997973, guid: d5920ec2e9589fa49af231931214586b,
        type: 3}
      propertyPath: m_LocalRotation.x
      value: -0
      objectReference: {fileID: 0}
    - target: {fileID: 5963937743390997973, guid: d5920ec2e9589fa49af231931214586b,
        type: 3}
      propertyPath: m_LocalRotation.y
      value: -0
      objectReference: {fileID: 0}
    - target: {fileID: 5963937743390997973, guid: d5920ec2e9589fa49af231931214586b,
        type: 3}
      propertyPath: m_LocalRotation.z
      value: -0
      objectReference: {fileID: 0}
    - target: {fileID: 5963937743390997973, guid: d5920ec2e9589fa49af231931214586b,
        type: 3}
      propertyPath: m_LocalRotation.w
      value: 1
      objectReference: {fileID: 0}
    - target: {fileID: 5963937743390997973, guid: d5920ec2e9589fa49af231931214586b,
        type: 3}
      propertyPath: m_RootOrder
      value: 0
      objectReference: {fileID: 0}
    - target: {fileID: 5963937743390997973, guid: d5920ec2e9589fa49af231931214586b,
        type: 3}
      propertyPath: m_LocalEulerAnglesHint.x
      value: 0
      objectReference: {fileID: 0}
    - target: {fileID: 5963937743390997973, guid: d5920ec2e9589fa49af231931214586b,
        type: 3}
      propertyPath: m_LocalEulerAnglesHint.y
      value: 0
      objectReference: {fileID: 0}
    - target: {fileID: 5963937743390997973, guid: d5920ec2e9589fa49af231931214586b,
        type: 3}
      propertyPath: m_LocalEulerAnglesHint.z
      value: 0
      objectReference: {fileID: 0}
    - target: {fileID: 5963937743390997974, guid: d5920ec2e9589fa49af231931214586b,
        type: 3}
      propertyPath: m_Name
      value: Floor_3x3
      objectReference: {fileID: 0}
    - target: {fileID: 5963937743390997974, guid: d5920ec2e9589fa49af231931214586b,
        type: 3}
      propertyPath: m_IsActive
      value: 1
      objectReference: {fileID: 0}
    m_RemovedComponents: []
  m_SourcePrefab: {fileID: 100100000, guid: d5920ec2e9589fa49af231931214586b, type: 3}
--- !u!4 &2324440607437081962 stripped
Transform:
  m_CorrespondingSourceObject: {fileID: 5963937743390997973, guid: d5920ec2e9589fa49af231931214586b,
    type: 3}
  m_PrefabInstance: {fileID: 8252348982535827647}
  m_PrefabAsset: {fileID: 0}
--- !u!1001 &8252348983185680897
PrefabInstance:
  m_ObjectHideFlags: 0
  serializedVersion: 2
  m_Modification:
    m_TransformParent: {fileID: 8252348983149987222}
    m_Modifications:
    - target: {fileID: 5963937743390997973, guid: d5920ec2e9589fa49af231931214586b,
        type: 3}
      propertyPath: m_LocalPosition.x
      value: 0
      objectReference: {fileID: 0}
    - target: {fileID: 5963937743390997973, guid: d5920ec2e9589fa49af231931214586b,
        type: 3}
      propertyPath: m_LocalPosition.y
      value: 0
      objectReference: {fileID: 0}
    - target: {fileID: 5963937743390997973, guid: d5920ec2e9589fa49af231931214586b,
        type: 3}
      propertyPath: m_LocalPosition.z
      value: 9
      objectReference: {fileID: 0}
    - target: {fileID: 5963937743390997973, guid: d5920ec2e9589fa49af231931214586b,
        type: 3}
      propertyPath: m_LocalRotation.x
      value: -0
      objectReference: {fileID: 0}
    - target: {fileID: 5963937743390997973, guid: d5920ec2e9589fa49af231931214586b,
        type: 3}
      propertyPath: m_LocalRotation.y
      value: -0
      objectReference: {fileID: 0}
    - target: {fileID: 5963937743390997973, guid: d5920ec2e9589fa49af231931214586b,
        type: 3}
      propertyPath: m_LocalRotation.z
      value: -0
      objectReference: {fileID: 0}
    - target: {fileID: 5963937743390997973, guid: d5920ec2e9589fa49af231931214586b,
        type: 3}
      propertyPath: m_LocalRotation.w
      value: 1
      objectReference: {fileID: 0}
    - target: {fileID: 5963937743390997973, guid: d5920ec2e9589fa49af231931214586b,
        type: 3}
      propertyPath: m_RootOrder
      value: 1
      objectReference: {fileID: 0}
    - target: {fileID: 5963937743390997973, guid: d5920ec2e9589fa49af231931214586b,
        type: 3}
      propertyPath: m_LocalEulerAnglesHint.x
      value: 0
      objectReference: {fileID: 0}
    - target: {fileID: 5963937743390997973, guid: d5920ec2e9589fa49af231931214586b,
        type: 3}
      propertyPath: m_LocalEulerAnglesHint.y
      value: 0
      objectReference: {fileID: 0}
    - target: {fileID: 5963937743390997973, guid: d5920ec2e9589fa49af231931214586b,
        type: 3}
      propertyPath: m_LocalEulerAnglesHint.z
      value: 0
      objectReference: {fileID: 0}
    - target: {fileID: 5963937743390997974, guid: d5920ec2e9589fa49af231931214586b,
        type: 3}
      propertyPath: m_Name
      value: Floor_3x3 (1)
      objectReference: {fileID: 0}
    - target: {fileID: 5963937743390997974, guid: d5920ec2e9589fa49af231931214586b,
        type: 3}
      propertyPath: m_IsActive
      value: 1
      objectReference: {fileID: 0}
    m_RemovedComponents: []
  m_SourcePrefab: {fileID: 100100000, guid: d5920ec2e9589fa49af231931214586b, type: 3}
--- !u!4 &2324440608045520852 stripped
Transform:
  m_CorrespondingSourceObject: {fileID: 5963937743390997973, guid: d5920ec2e9589fa49af231931214586b,
    type: 3}
  m_PrefabInstance: {fileID: 8252348983185680897}
  m_PrefabAsset: {fileID: 0}
--- !u!1001 &8737701671729575525
PrefabInstance:
  m_ObjectHideFlags: 0
  serializedVersion: 2
  m_Modification:
    m_TransformParent: {fileID: 1177612824704256520}
    m_Modifications:
    - target: {fileID: 2497406903890568550, guid: 7ba64c0944716c24f911914e2e6af7a4,
        type: 3}
      propertyPath: m_LocalPosition.x
      value: 0.25
      objectReference: {fileID: 0}
    - target: {fileID: 2497406903890568550, guid: 7ba64c0944716c24f911914e2e6af7a4,
        type: 3}
      propertyPath: m_LocalPosition.y
      value: 0
      objectReference: {fileID: 0}
    - target: {fileID: 2497406903890568550, guid: 7ba64c0944716c24f911914e2e6af7a4,
        type: 3}
      propertyPath: m_LocalPosition.z
      value: -3
      objectReference: {fileID: 0}
    - target: {fileID: 2497406903890568550, guid: 7ba64c0944716c24f911914e2e6af7a4,
        type: 3}
      propertyPath: m_LocalRotation.x
      value: -0
      objectReference: {fileID: 0}
    - target: {fileID: 2497406903890568550, guid: 7ba64c0944716c24f911914e2e6af7a4,
        type: 3}
      propertyPath: m_LocalRotation.y
      value: -0
      objectReference: {fileID: 0}
    - target: {fileID: 2497406903890568550, guid: 7ba64c0944716c24f911914e2e6af7a4,
        type: 3}
      propertyPath: m_LocalRotation.z
      value: -0
      objectReference: {fileID: 0}
    - target: {fileID: 2497406903890568550, guid: 7ba64c0944716c24f911914e2e6af7a4,
        type: 3}
      propertyPath: m_LocalRotation.w
      value: 1
      objectReference: {fileID: 0}
    - target: {fileID: 2497406903890568550, guid: 7ba64c0944716c24f911914e2e6af7a4,
        type: 3}
      propertyPath: m_RootOrder
      value: 0
      objectReference: {fileID: 0}
    - target: {fileID: 2497406903890568550, guid: 7ba64c0944716c24f911914e2e6af7a4,
        type: 3}
      propertyPath: m_LocalEulerAnglesHint.x
      value: 0
      objectReference: {fileID: 0}
    - target: {fileID: 2497406903890568550, guid: 7ba64c0944716c24f911914e2e6af7a4,
        type: 3}
      propertyPath: m_LocalEulerAnglesHint.y
      value: 0
      objectReference: {fileID: 0}
    - target: {fileID: 2497406903890568550, guid: 7ba64c0944716c24f911914e2e6af7a4,
        type: 3}
      propertyPath: m_LocalEulerAnglesHint.z
      value: 0
      objectReference: {fileID: 0}
    - target: {fileID: 4548416285556944926, guid: 7ba64c0944716c24f911914e2e6af7a4,
        type: 3}
      propertyPath: m_Name
      value: Wall_4m
      objectReference: {fileID: 0}
    m_RemovedComponents: []
  m_SourcePrefab: {fileID: 100100000, guid: 7ba64c0944716c24f911914e2e6af7a4, type: 3}
--- !u!4 &6623140530312598275 stripped
Transform:
  m_CorrespondingSourceObject: {fileID: 2497406903890568550, guid: 7ba64c0944716c24f911914e2e6af7a4,
    type: 3}
  m_PrefabInstance: {fileID: 8737701671729575525}
  m_PrefabAsset: {fileID: 0}
